2276 3519
356 262 410 301 42
451 250 642 291 CICERO’S
669 262 934 292 INFLUENCE
961 263 1083 292 UPON
1110 251 1408 292 AUGUSTINE’S
1435 263 1708 293 ORATORICAL
1733 265 1913 293 THEORY

618 384 718 426 vino
741 385 903 425 mixtus
926 384 1148 426 offeratur.

619 452 660 492 A
682 452 831 504 period
854 452 903 493 of
928 451 995 492 six
1017 453 1220 493 membra.

519 530 557 570 b.
618 531 665 570 “I
689 544 759 570 am
782 530 852 570 the
874 537 970 570 true
991 530 1130 570 vine.''
1180 530 1293 582 John
1317 531 1415 579 XV,
1445 543 1478 572 Ι.

623 598 738 637 Nam
766 611 863 637 cum
891 596 1005 637 dicat
1034 597 1243 645 Christus,

618 665 738 717 “Ego
762 677 855 704 sum
875 664 976 705 vitis
996 664 1148 714 vera’';

617 731 790 784 sanguis
815 730 988 780 Christi,
1013 746 1099 773 non
1123 746 1233 784 aqua
1257 739 1321 773 est
1343 732 1501 785 utique,
1527 732 1602 774 sed
1624 733 1772 774 vinum
1786 747 1795 782 ;

617 813 694 840 nec
714 806 855 851 potest
874 799 1010 840 videri
1034 799 1206 852 sanguis
1229 798 1332 848 eius,

616 880 702 918 quo
723 867 930 919 redempti
949 873 992 908 et
1013 867 1216 908 vivificati
1240 879 1400 917 sumus,

616 949 708 976 esse
731 935 774 975 in
797 935 938 984 calice,

616 1003 786 1054 quando
810 1001 959 1043 vinum
981 1001 1089 1044 desit
1114 1001 1244 1050 calici,

614 1083 698 1122 quo
724 1070 883 1111 Christi
907 1070 1079 1123 sanguis
1102 1069 1343 1111 ostenditur
1357 1084 1367 1120 ;

614 1139 686 1189 qui
721 1139 1041 1189 Scripturarum
1074 1138 1265 1179 omnium
1299 1144 1563 1179 sacramento
1595 1153 1643 1180 ac
1675 1139 1918 1180 testimonio

723 1205 1007 1258 praedicatur.

614 1272 656 1312 A
676 1273 825 1324 period
844 1272 895 1312 of
915 1272 1014 1313 nine
1036 1273 1238 1313 membra.

515 1365 547 1392 c.
608 1352 700 1392 The
722 1350 924 1392 Master’s
953 1351 1184 1402 sufferings
1212 1351 1386 1402 typified
1413 1350 1455 1390 in
1481 1350 1552 1391 the
1578 1364 1674 1391 case
1701 1352 1747 1392 of
1775 1351 1913 1392 Noah.

613 1418 860 1460 Invenimus
884 1417 997 1459 enim
1019 1417 1062 1458 in
1086 1418 1240 1459 Genesi
1266 1418 1376 1458 circa
1401 1424 1714 1458 sacramentum

617 1488 711 1527 Noe
731 1487 810 1526 hoc
832 1486 942 1526 idem
963 1485 1322 1537 praecucurrisse,

610 1561 649 1595 et
674 1554 856 1607 figuram
878 1554 1115 1594 dominicae
1137 1552 1348 1604 passionis
1372 1552 1455 1593 illic
1479 1551 1705 1601 exstitisse,

609 1622 723 1673 quod
742 1621 891 1663 vinum
909 1621 1025 1670 bibit,

609 1690 723 1741 quod
746 1688 977 1730 inebriatus
1000 1695 1075 1737 est,

614 1758 728 1810 quod
748 1758 789 1796 in
808 1758 938 1797 domo
960 1771 1036 1797 sua
1056 1756 1243 1796 nudatus
1264 1762 1337 1804 est,

610 1825 725 1876 quod
752 1824 836 1865 suit
865 1824 1071 1864 recubans
1097 1823 1223 1863 nudis
1250 1830 1289 1863 et
1314 1823 1557 1874 patentibus
1585 1822 1842 1870 femoribus,

615 1892 729 1944 quod
751 1892 922 1931 nuditas
946 1891 1015 1930 illa
1037 1891 1170 1942 patris
1193 1905 1216 1930 a
1238 1890 1379 1931 medio
1402 1889 1487 1930 filio
1510 1890 1711 1930 denotata
1735 1896 1819 1937 est;

612 1975 635 2000 a
658 1960 817 1999 maiore
838 1973 940 1999 vero
964 1965 1002 1998 et
1023 1959 1186 1998 minore
1210 1964 1413 1998 contecta.

609 2027 651 2065 A
673 2026 820 2078 period
843 2026 890 2066 of
913 2026 1011 2065 nine
1033 2025 1234 2065 membra.

513 2104 553 2145 d.
612 2104 705 2144 The
731 2103 930 2143 Master’s
957 2103 1130 2154 passion
1155 2102 1428 2153 represented
1452 2102 1506 2154 by
1532 2100 1653 2142 wine.

614 2171 667 2211 Et
692 2178 829 2211 cetera
855 2183 962 2221 quae
987 2184 1156 2210 necesse
1182 2184 1266 2209 non
1291 2177 1353 2209 est
1379 2168 1566 2219 exsequi,

613 2251 709 2278 cum
732 2236 833 2278 satis
854 2236 907 2278 sit
929 2237 1008 2277 hoc
1032 2238 1169 2277 solum
1191 2236 1425 2287 complecti,

611 2306 724 2357 quod
748 2306 842 2346 Noe
864 2311 1012 2357 typum
1035 2304 1208 2345 futurae
1230 2302 1421 2344 veritatis
1440 2303 1682 2351 ostendens,

612 2387 697 2414 non
719 2387 875 2424 aquam
895 2374 969 2413 sed
990 2373 1138 2413 vinum
1158 2372 1333 2420 biberit3

612 2448 653 2481 et
680 2441 738 2481 sic
764 2440 993 2492 imaginem
1017 2439 1255 2480 dominicae
1279 2439 1490 2490 passionis
1515 2437 1786 2489 expresserit.

614 2508 655 2547 A
673 2508 822 2559 period
842 2508 888 2548 of
909 2507 989 2548 five
1008 2506 1210 2547 membra.

518 2601 551 2628 e.
618 2586 709 2627 The
734 2585 871 2626 Priest
895 2583 1201 2626 Melchizedek.

617 2655 724 2694 Item
747 2653 788 2692 in
813 2653 1031 2694 sacerdote
1053 2651 1369 2693 Melchisedech

616 2721 876 2762 dominicum
899 2727 1211 2761 sacramentum
1234 2719 1570 2771 praefiguratum
1592 2718 1798 2766 videmus,

615 2789 850 2830 secundum
872 2788 986 2839 quod
1012 2787 1233 2839 Scriptura
1257 2785 1401 2827 divina
1423 2792 1604 2826 testatur
1627 2792 1667 2826 et
1692 2785 1814 2825 dicit:

617 2856 699 2897 “Et
723 2855 1040 2897 Melchisedech
1064 2870 1140 2897 rex
1165 2855 1307 2896 Salem
1327 2854 1504 2906 protulit
1525 2866 1680 2905 panem
1702 2858 1742 2894 et
1764 2853 1923 2893 vinum.

618 2923 716 2964 Fuit
737 2930 880 2964 autem
900 2923 1098 2964 sacerdos
1119 2923 1199 2964 Dei
1221 2920 1387 2972 summi,
