2276 3519
413 515 536 556 XIV.
597 514 1075 556 FUNDAMENTAL
1105 515 1529 557 DIFFERENCES
1563 515 1865 556 BETWEEN

757 593 1120 634 AUGUSTINE
1143 594 1274 633 AND
1300 593 1522 635 CICERO

1105 683 1178 736 (1)

316 773 422 812 THE
454 773 835 814 ECCLESIASTICAL
853 773 1037 814 ORATOR
1055 784 1094 812 1s
1114 773 1421 814 CONSTANTLY
1439 774 1651 814 DEALING
1670 785 1795 814 WITH
1818 772 1969 814 GREAT

694 863 838 902 THEM
848 874 917 911 Es;
937 863 1043 902 THE
1062 863 1211 902 LEGAL
1229 863 1413 903 ORATOR
1432 875 1471 902 1s
1492 862 1590 902 Nor

400 951 492 992 The
516 951 637 994 three
666 951 962 992 fundamental
987 950 1216 1003 principles
1242 951 1290 991 of
1317 951 1387 993 the
1413 958 1532 1004 great
1557 951 1726 992 Roman
1752 958 1900 992 orator
1925 949 1967 990 in

321 1017 569 1072 fashioning
604 1034 658 1060 an
695 1021 892 1070 eloquent
929 1033 1029 1060 man
1065 1033 1137 1060 are
1173 1019 1323 1071 briefly
1361 1020 1445 1060 and
1483 1019 1715 1071 succinctly
1750 1019 1889 1059 stated
1926 1019 1970 1058 in

316 1085 488 1136 Orator,
513 1099 576 1139 29.
607 1099 677 1127 101
697 1102 704 1127 :
743 1087 784 1128 Is
808 1088 938 1140 igitur
959 1088 1038 1128 erit
1061 1089 1274 1138 eloquens,
1299 1087 1370 1138 qui
1393 1088 1548 1138 poterit
1571 1100 1703 1138 parva
1728 1087 1964 1130 summisse.

314 1152 481 1195 modica
513 1160 758 1206 temperate,
792 1168 947 1207 magna
978 1154 1197 1206 granditer
1231 1153 1382 1194 dicere.
1442 1153 1684 1206 Augustine
1717 1152 1858 1205 points
1891 1160 1966 1194 out

318 1222 410 1263 that
437 1221 589 1263 Cicero
615 1223 739 1263 could
767 1222 874 1263 have
903 1221 1173 1274 exemplified
1200 1221 1318 1263 these
1345 1221 1464 1262 three
1490 1221 1718 1273 principles
1749 1235 1795 1262 so
1825 1221 1895 1262 far
1922 1235 1969 1261 as

316 1289 425 1342 legal
447 1291 666 1341 questions
689 1304 761 1332 are
783 1290 1034 1338 concerned,
1057 1290 1131 1330 but
1155 1290 1278 1329 could
1301 1296 1375 1330 not
1399 1303 1445 1330 as
1469 1289 1644 1341 regards
1669 1287 1967 1329 ecclesiastical

315 1364 505 1399 matters.
555 1358 787 1409 Questions
807 1358 855 1398 of
876 1372 899 1398 a
919 1358 1149 1409 pecuniary
1168 1364 1321 1397 nature
1339 1370 1410 1397 are
1432 1357 1565 1405 small,
1586 1356 1706 1397 those
1727 1355 1969 1408 pertaining

316 1433 359 1467 to
380 1425 456 1466 life
476 1426 560 1466 and
579 1426 742 1478 liberty,
764 1432 895 1479 great.
932 1424 1062 1466 Cases
1082 1424 1221 1465 which
1241 1425 1349 1466 have
1369 1424 1548 1477 nothing
1568 1432 1614 1465 to
1633 1425 1687 1465 do
1708 1423 1811 1464 with
1833 1424 1967 1464 either

316 1493 365 1535 of
393 1493 523 1542 these,
553 1493 627 1534 but
655 1507 727 1534 are
752 1492 957 1534 intended
986 1494 1144 1545 merely
1172 1499 1217 1533 to
1244 1493 1339 1546 give
1367 1493 1576 1544 pleasure,
1604 1505 1767 1544 occupy
1796 1506 1819 1532 a
1848 1491 1966 1543 place

314 1562 513 1613 midway,
541 1575 586 1602 as
614 1562 646 1602 it
673 1575 796 1608 were,
826 1562 1016 1602 between
1041 1560 1113 1601 the
1142 1568 1240 1609 two,
1270 1561 1354 1601 and
1381 1560 1601 1601 therefore
1627 1574 1725 1611 may
1753 1560 1803 1601 be
1832 1559 1967 1600 called

313 1629 523 1682 middling
548 1643 598 1670 or
621 1630 851 1670 moderate.
907 1628 977 1669 On
1003 1628 1073 1669 the
1099 1628 1221 1669 other
1246 1628 1360 1668 hand
1387 1628 1456 1667 the
1483 1627 1780 1668 ecclesiastical
1807 1634 1963 1674 orator,

322 1696 438 1738 from
461 1696 526 1738 his
549 1697 719 1738 exalted
743 1696 927 1748 position
952 1696 999 1737 of
1024 1695 1253 1748 authority,
1279 1696 1503 1736 addresses
1530 1695 1599 1736 the
1624 1696 1773 1747 people
1798 1694 1970 1747 regard-

319 1764 392 1818 ing
416 1763 527 1806 their
552 1765 773 1813 salvation,
799 1764 1007 1816 temporal
1033 1778 1078 1805 as
1105 1765 1200 1804 well
1227 1778 1272 1804 as
1299 1763 1472 1812 eternal,
1500 1764 1583 1803 and
1609 1762 1829 1803 therefore
1855 1762 1970 1803 What

318 1833 371 1874 he
395 1847 490 1885 says
512 1846 568 1873 on
592 1833 645 1873 all
668 1838 858 1880 matters,
883 1846 988 1873 even
1011 1832 1082 1873 the
1106 1831 1349 1883 pecuniary‚
1371 1831 1506 1883 ought
1527 1837 1602 1871 not
1626 1837 1669 1871 to
1694 1844 1810 1871 seem
1832 1830 1967 1870 unim-

319 1906 504 1953 portant,
528 1900 598 1941 for
617 1899 771 1952 justice
791 1901 826 1940 is
847 1913 976 1940 never
995 1900 1301 1951 unimportant.
1352 1899 1471 1939 Haec
1493 1906 1637 1939 autem
1657 1897 1737 1939 tria
1759 1897 1838 1945 ille,
1863 1898 1970 1938 sicut

318 1968 370 2009 ab
397 1982 447 2009 eo
473 1968 585 2009 dicta
612 1975 722 2018 sunt,
749 1969 791 2008 in
818 1967 956 2008 causis
984 1966 1229 2008 forensibus
1255 1973 1398 2018 posset
1426 1967 1673 2015 ostendere;
1714 1979 1799 2006 non
1827 1972 1969 2006 autem

319 2037 400 2085 hic,
419 2035 499 2077 hoc
519 2043 582 2077 est
602 2036 644 2076 in
663 2033 957 2077 ecclesiasticis
977 2034 1309 2086 quaestionibus,
1331 2035 1372 2074 in
1393 2034 1545 2085 quibus
1565 2032 1823 2081 huiusmodi,
1845 2046 1971 2084 quem

319 2105 517 2147 volumus
539 2105 786 2150 informare,
810 2116 948 2144 sermo
968 2109 1176 2143 versatur.
1228 2103 1279 2142 In
1299 2100 1380 2142 illis
1402 2100 1514 2142 enim
1535 2116 1583 2142 ea
1603 2115 1736 2153 parva
1758 2101 1969 2148 dicuntur,

320 2172 392 2212 ubi
422 2172 473 2213 de
503 2172 628 2212 rebus
657 2169 913 2223 pecuniariis
944 2170 1221 2211 iudicandum
1249 2176 1335 2218 est;
1379 2183 1428 2210 ea
1456 2183 1623 2221 magna,
1652 2169 1723 2208 ubi
1754 2169 1805 2209 de
1837 2167 1972 2209 salute

323 2254 371 2281 ac
401 2240 457 2281 de
490 2240 627 2292 capite
660 2239 904 2280 hominum:
939 2252 987 2278 ea
1019 2252 1122 2278 vero
1156 2238 1226 2277 ubi
1259 2238 1362 2277 nihil
1396 2238 1549 2277 horum
1583 2236 1860 2277 iudicandum
1895 2242 1969 2283 est,

319 2307 509 2358 nihilque
533 2308 673 2360 agitur
699 2313 744 2346 ut
770 2314 866 2359 agat
894 2306 981 2346 sive
1007 2306 1219 2350 decernat,
1247 2305 1320 2346 sed
1346 2305 1642 2345 tantummodo
1669 2310 1714 2344 ut
1742 2304 1972 2344 delectetur

322 2374 504 2423 auditor,
542 2374 651 2414 inter
686 2381 914 2424 utrumque
949 2372 1070 2424 quasi
1105 2370 1258 2420 media,
1294 2378 1335 2412 et
1369 2371 1424 2412 ob
1460 2371 1539 2412 hoc
1574 2368 1754 2418 modica,
1793 2370 1872 2411 hoc
1909 2375 1971 2411 est

320 2442 542 2483 moderata
575 2442 789 2482 dixerunt.
853 2440 1039 2481 Modicis
1074 2441 1188 2481 enim
1219 2440 1373 2480 modus
1407 2452 1563 2479 nornen
1599 2438 1822 2489 imposuit:
1872 2451 1972 2478 nam

318 2509 487 2551 modica
518 2523 598 2561 pro
631 2509 776 2561 parvis
809 2508 998 2556 abusive,
1034 2520 1120 2548 non
1153 2507 1326 2559 proprie
1359 2506 1553 2547 dicimus.
1618 2506 1669 2545 In
1704 2505 1794 2545 istis
1830 2511 1972 2544 autem

322 2577 491 2625 nostris,
538 2576 884 2627 quandoquidem
929 2575 1085 2623 omnia,
1130 2575 1317 2614 maxime
1363 2586 1470 2624 quae
1517 2573 1568 2613 de
1613 2573 1705 2612 1060
1754 2571 1972 2622 superiore

324 2645 492 2697 populis
519 2643 713 2691 dicimus,
741 2644 794 2684 ad
821 2643 1040 2684 hominum
1069 2643 1260 2689 salutem,
1289 2655 1365 2681 nec
1391 2640 1706 2692 temporariam,
1736 2639 1810 2680 sed
1837 2646 1972 2679 aeter-

323 2726 423 2752 nam
458 2710 622 2752 referre
659 2711 874 2759 debemus,
909 2709 980 2750 ubi
1017 2709 1143 2750 etiam
1178 2708 1390 2749 cavendus
1429 2714 1491 2748 est
1526 2715 1723 2748 aeternus
1759 2705 1970 2754 interitus,

323 2780 465 2820 omnia
490 2793 645 2831 magna
671 2786 769 2819 sunt
795 2791 902 2829 quae
930 2776 1133 2826 dicimus;
1174 2789 1307 2827 usque
1333 2776 1439 2816 adeo
1465 2782 1510 2814 ut
1537 2788 1612 2814 nec
1640 2774 1692 2814 de
1719 2774 1819 2825 ipsis
1847 2785 1971 2824 pecu-

324 2847 470 2888 niariis
505 2847 629 2887 rebus
662 2848 726 2886 vel
761 2846 1029 2896 acquirendis
1062 2846 1130 2885 vel
1163 2844 1407 2885 amittendis
1441 2856 1573 2893 parva
1609 2842 1742 2882 videri
1778 2841 1971 2889 debeant,

324 2927 432 2964 quae
472 2914 621 2954 doctor
662 2911 970 2954 ecclesiasticus
1013 2910 1126 2961 dicit,
1168 2912 1255 2951 sive
1298 2909 1350 2951 sit
1392 2909 1459 2949 illa
1501 2922 1667 2961 magna,
1712 2909 1799 2948 sive
1839 2921 1972 2959 parva

323 2982 513 3032 pecunia.
570 2981 720 3032 Neque
746 2980 859 3022 enim
882 2994 1015 3033 parva
1041 2986 1103 3020 est
1129 2979 1301 3025 iustitia,
1329 2990 1455 3028 quam
1482 2976 1677 3028 profecto
1705 2982 1745 3017 et
1772 2976 1813 3016 in
1840 2988 1971 3026 parva
