2276 3519
510 263 809 292 DIFFERENCES
843 264 1055 292 BETWEEN
1089 264 1350 293 AUGUSTINE
1382 266 1476 293 AND
1508 266 1661 294 CICERO
1859 266 1907 308 53

262 387 441 440 urgendi
469 387 716 428 videantur:
756 395 842 437 aut,
871 388 904 428 si
933 387 1016 428 iam
1043 388 1084 428 id
1111 394 1255 441 agunt,
1283 395 1328 429 ut
1354 396 1481 441 agant
1510 389 1754 437 studiosius,
1782 397 1909 441 atque

266 456 307 495 in
329 469 378 496 eo
399 455 576 496 firmiter
598 462 882 507 perseverent.
936 456 1001 496 Ita
1024 456 1068 496 fit
1091 463 1137 496 ut
1159 456 1286 497 etiarn
1310 458 1531 508 temperati
1551 458 1718 508 generis
1741 464 1908 505 ornatu,

265 537 350 563 non
384 522 600 570 iactanter,
636 523 708 563 sed
741 522 974 574 prudenter
1006 530 1200 563 utamur:
1234 536 1318 563 non
1353 524 1442 564 eius
1475 524 1555 564 fine
1590 525 1789 572 contenti,
1824 538 1908 576 quo

263 590 560 630 tantummodo
593 590 828 630 delectatur
858 590 1051 639 auditor;
1097 590 1170 630 sed
1203 589 1281 631 hoc
1312 591 1452 642 potius
1485 598 1670 643 agentes,
1704 598 1749 631 ut
1782 592 1910 632 etiam

265 657 356 709 ipso
378 658 432 698 ad
454 658 612 698 bonum
633 658 747 709 quod
769 657 1026 709 persuadere
1046 658 1256 705 volumus,
1280 658 1519 698 adiuvetur.
1579 659 1652 710 (D.
1679 659 1730 700 D.
1758 658 1802 699 C.
1831 659 1908 708 IV,

265 735 328 776 25-
350 725 442 776 55)-

1048 802 1120 854 (4)

318 891 425 930 THE
452 890 829 931 ECCLESIASTICAL
857 890 1040 931 ORATOR
1067 902 1246 932 SHoULD
1275 891 1398 931 PRAY
1425 904 1588 931 BEFORE
1617 892 1856 933 SPEAKING

347 979 530 1033 Tho-ugh
558 980 627 1021 the
655 980 953 1021 ecclesiastical
979 988 1127 1022 orator
1153 981 1207 1022 do
1235 981 1288 1022 all
1316 981 1368 1022 he
1395 995 1473 1021 can
1501 988 1544 1022 to
1571 981 1622 1022 be
1649 982 1781 1023 heard
1808 982 1910 1022 with

264 1047 540 1100 intelligence,
574 1048 676 1088 with
707 1049 913 1099 pleasure,
945 1049 1028 1089 and
1061 1045 1163 1089 with
1196 1049 1435 1097 obedience,
1470 1049 1504 1089 if
1538 1050 1588 1090 he
1622 1051 1812 1097 succeed,
1847 1050 1911 1090 his

263 1127 430 1155 success
454 1115 537 1155 will
562 1115 612 1156 be
636 1116 718 1156 due
740 1129 858 1156 more
881 1121 926 1157 to
947 1116 1061 1167 piety
1084 1116 1125 1156 in
1149 1129 1302 1168 prayer
1324 1116 1426 1157 than
1450 1123 1493 1156 to
1519 1116 1589 1157 the
1612 1117 1718 1169 gifts
1743 1117 1791 1157 of
1815 1130 1909 1157 ora-

266 1189 372 1235 tory.
430 1183 500 1223 He
528 1183 681 1223 should
707 1196 813 1235 pray
841 1183 942 1223 both
972 1184 1041 1223 for
1067 1183 1240 1223 himself
1268 1183 1351 1224 and
1382 1184 1451 1224 for
1478 1184 1598 1224 those
1627 1184 1769 1224 whom
1796 1184 1849 1224 he
1876 1185 1911 1224 is

266 1250 396 1290 about
415 1256 459 1290 to
481 1249 671 1290 address.
721 1250 863 1290 When
885 1250 956 1290 the
975 1250 1075 1291 time
1098 1263 1240 1290 comes
1264 1251 1333 1290 f-or
1355 1251 1441 1290 him
1464 1258 1508 1291 to
1533 1251 1662 1302 speak
1685 1250 1736 1291 he
1760 1250 1912 1291 should

265 1316 336 1366 list
358 1329 416 1368 up
438 1317 504 1358 his
527 1318 681 1369 thirsty
706 1317 797 1358 soul
821 1324 863 1358 to
888 1317 984 1358 God
1006 1317 1090 1358 and
1114 1317 1238 1358 drink
1263 1318 1305 1357 in
1329 1317 1420 1358 that
1445 1318 1582 1358 which
1607 1318 1658 1358 he
1681 1319 1716 1358 is
1741 1332 1846 1359 soon
1869 1324 1913 1358 to

265 1397 373 1435 pour
395 1383 526 1425 forth.
549 1384 640 1425 The
660 1383 846 1435 subjects
865 1398 919 1425 on
939 1384 1076 1424 which
1096 1384 1147 1425 he
1166 1399 1263 1436 may
1283 1385 1413 1436 speak
1432 1398 1503 1426 are
1523 1399 1662 1436 many,
1685 1385 1768 1425 and
1787 1399 1914 1437 many

264 1464 336 1491 are
366 1450 437 1492 the
467 1465 583 1502 ways
611 1450 660 1491 of
693 1451 899 1504 speaking
926 1464 983 1491 on
1013 1451 1140 1499 them,
1173 1451 1247 1492 but
1275 1450 1309 1491 ‘it
1339 1452 1373 1492 is
1406 1451 1500 1492 God
1532 1451 1628 1492 who
1660 1452 1808 1493 knows
1840 1452 1912 1492 the

265 1518 406 1559 hear-ts
436 1518 485 1559 of
515 1519 582 1565 all,
616 1519 699 1560 and
730 1518 826 1559 how
856 1525 899 1558 to
930 1524 1077 1560 attune
1107 1518 1209 1559 both
1242 1519 1421 1570 speaker
1449 1519 1533 1560 and
1564 1519 1749 1560 hearers.
1809 1519 1913 1572 Agit

261 1586 405 1638 itaque
422 1592 568 1626 noster
587 1586 666 1626 iste
685 1585 898 1638 eloquens,
920 1599 1017 1626 cum
1038 1593 1078 1627 et
1097 1587 1208 1627 iusta
1227 1594 1268 1627 et
1287 1594 1432 1627 sancta
1448 1594 1492 1627 -et
1513 1587 1623 1627 bona
1639 1587 1757 1634 dicit,
1777 1600 1914 1638 neque

263 1653 376 1693 enim
400 1653 481 1693 alia
508 1653 630 1693 debet
657 1654 820 1702 dicere;
860 1653 946 1706 agit
972 1668 1073 1706 ergo
1100 1660 1307 1704 quantum
1333 1660 1472 1705 potest
1498 1666 1593 1693 cum
1619 1654 1700 1695 ista
1725 1654 1839 1702 dicit,
1866 1660 1912 1694 ut

268 1719 561 1773 intelligenter,
589 1728 636 1761 ut
662 1721 852 1769 libenter,
880 1728 927 1761 ut
953 1721 1200 1762 obedienter
1225 1722 1448 1762 audiatur:
1504 1729 1544 1762 et
1571 1723 1674 1762 haec
1704 1736 1748 1762 se
1774 1735 1911 1773 posse,

266 1789 300 1828 si
328 1788 526 1839 potuerit,
556 1796 596 1829 et
625 1788 667 1828 in
692 1796 898 1839 quantum
927 1790 1125 1840 potuerit,
1153 1790 1308 1840 pietate
1337 1790 1471 1841 magis
1501 1790 1756 1837 orationum,
1786 1802 1914 1840 quam

266 1862 489 1896 oratorum
515 1855 720 1896 facultate
744 1869 829 1896 non
855 1854 1041 1905 dubitet;
1081 1861 1127 1895 ut
1151 1855 1314 1896 orando
1339 1869 1419 1907 pro
1442 1870 1497 1903 se,
1526 1869 1573 1896 ac
1598 1869 1675 1907 pro
1702 1854 1782 1896 illis
1808 1869 1914 1906 quos

264 1929 328 1963 est
353 1922 627 1971 allocuturus,
655 1922 707 1963 sit
731 1929 878 1964 orator
903 1930 1132 1974 antequam
1158 1922 1305 1963 dictor.
1362 1923 1461 1974 Ipsa
1486 1922 1592 1964 hora
1618 1924 1703 1963 iam
1728 1929 1774 1963 ut
1801 1923 1912 1963 dicat

265 1990 484 2039 accedens,
513 1989 765 2042 priusquam
794 1997 963 2031 exserat
993 1991 1288 2042 proferentem
1316 1991 1516 2044 linguam,
1549 1991 1603 2032 ad
1634 1991 1775 2031 Deum
1805 1991 1914 2031 levet

265 2058 452 2098 animam
492 2058 717 2107 sitientem,
759 2064 805 2098 ut
847 2064 1008 2099 eructet
1049 2058 1164 2109 quod
1205 2058 1369 2107 biberit,
1411 2059 1476 2099 vel
1519 2058 1633 2110 quod
1673 2057 1913 2110 impleverit

266 2125 433 2166 fundat.
492 2124 604 2166 Cum
631 2124 743 2168 enim
772 2126 823 2167 de
853 2139 1108 2177 unaquaque
1138 2139 1195 2175 re,
1226 2138 1334 2177 quae
1366 2126 1599 2166 secundum
1628 2125 1757 2166 fidem
1786 2125 1911 2166 dilec-

263 2193 505 2244 tionemque
534 2194 756 2234 tractanda
788 2201 897 2242 sunt,
925 2195 1058 2235 multa
1090 2193 1171 2234 sint
1201 2207 1308 2244 quae
1339 2194 1546 2241 dicantur,
1577 2200 1617 2233 et
1645 2194 1765 2233 multi
1797 2194 1912 2233 modi

264 2260 416 2312 quibus
443 2260 640 2302 dicantur
664 2262 716 2302 ab
744 2262 803 2302 eis
829 2262 900 2312 qui
928 2261 1031 2302 haec
1059 2261 1219 2310 sciunt3
1259 2260 1331 2313 qui
1357 2261 1476 2302 novit
1502 2261 1605 2312 quid
1630 2262 1683 2301 ad
1710 2274 1911 2313 praesens

263 2334 442 2380 tempus,
467 2329 534 2369 vel
560 2329 680 2370 nobis
706 2327 858 2378 dicere,
883 2329 948 2370 vel
974 2342 1050 2380 per
1074 2343 1150 2370 nos
1176 2329 1375 2380 expediat
1400 2329 1552 2377 audiri,
1578 2327 1659 2369 nisi
1685 2329 1756 2380 qui
1781 2330 1911 2369 corda

264 2396 456 2436 omnium
490 2395 634 2437 videt?
684 2402 724 2437 et
759 2397 852 2448 quis
890 2396 995 2437 facit
1029 2403 1076 2437 ut
1111 2397 1225 2448 quod
1258 2403 1439 2448 oportet,
1477 2403 1517 2437 et
1552 2397 1912 2448 quemadmodum

262 2470 444 2514 oportet,
470 2462 637 2505 dicatur
660 2479 684 2505 a
707 2463 842 2514 nobis,
867 2464 948 2505 nisi
974 2463 1015 2503 in
1041 2464 1160 2504 cuius
1185 2477 1314 2504 manu
1339 2471 1436 2505 sunt
1462 2471 1502 2505 et
1526 2478 1602 2505 nos
1628 2471 1668 2504 et
1694 2477 1911 2504 sermones

263 2531 427 2571 nostri?
493 2531 616 2583 (Sap.
648 2532 750 2582 VII,
788 2531 877 2584 16).
937 2532 1001 2572 Ac
1033 2546 1106 2583 per
1137 2532 1230 2580 hoc,
1262 2533 1396 2572 discat
1426 2532 1598 2582 quidem
1630 2533 1772 2572 omnia
1803 2544 1910 2582 quae

264 2598 456 2639 docenda
484 2605 594 2646 sunt,
625 2599 697 2650 qui
727 2605 767 2639 et
797 2612 922 2639 nosse
952 2600 1043 2639 vult
1073 2605 1113 2640 et
1145 2599 1317 2639 docere:
1365 2598 1698 2650 facultatemque
1730 2596 1908 2646 dicendi,

265 2673 312 2706 ut
335 2665 454 2706 decet
478 2666 619 2706 virum
644 2666 991 2714 ecclesiasticum,
1018 2673 1257 2717 comparet:
1284 2666 1338 2707 ad
1362 2666 1511 2706 horam
1536 2680 1638 2706 vero
1665 2666 1797 2718 ipsius
1822 2664 1910 2706 dic-

265 2732 404 2780 tionis,
429 2733 533 2774 illud
555 2734 697 2785 potius
721 2733 856 2774 bonae
880 2734 1010 2773 menti
1035 2733 1191 2785 cogitet
1215 2733 1442 2773 convenire
1466 2733 1580 2784 quod
1602 2733 1814 2773 Dominus
1837 2731 1908 2779 ait,

265 2799 438 2840 “Nolite
466 2801 651 2852 cogitare
680 2801 894 2851 quomodo
924 2807 996 2841 aut
1024 2800 1126 2851 quid
1154 2799 1385 2851 loquamini
1401 2814 1410 2848 ;
1452 2801 1621 2841 dabitur
1651 2800 1763 2840 enim
1790 2799 1909 2840 vobis

264 2866 306 2906 in
335 2866 404 2906 illa
432 2866 537 2907 hora
564 2867 665 2917 quid
692 2867 945 2918 loquamini:
987 2881 1071 2907 non
1101 2868 1211 2907 enim
1239 2881 1316 2907 vos
1344 2867 1443 2908 estis
1472 2868 1542 2917 qui
1571 2866 1804 2917 loquimini,
1835 2865 1908 2906 sed
1978 2862 1981 2867 Δ

269 2932 454 2985 Spiritus
477 2933 617 2974 Patris
639 2934 769 2974 vestri
791 2933 862 2986 qui
885 2934 1073 2986 loquitur
1094 2935 1136 2974 in
1158 2933 1318 2974 vobis''.
1377 2933 1527 2985 (Matt.
1552 2933 1606 2982 X,
1635 2943 1683 2984 19
1704 2932 1789 2973 and
1811 2932 1906 2983 20).
