2276 3519
431 501 558 541 VIII.
619 499 1061 541 COMBINATION
1094 499 1173 540 OF
1204 499 1331 540 THE
1361 500 1571 541 THREE
1603 500 1831 543 STYLES

398 590 490 631 The
517 587 814 630 ecclesiastica]
839 596 988 630 orator
1013 590 1145 642 ought
1171 597 1244 630 not
1270 590 1429 641 always
1456 597 1500 631 to
1526 590 1647 630 teach
1674 591 1717 630 in
1743 590 1813 632 the
1841 590 1964 632 Plain

317 659 446 710 Style,
471 672 519 698 or
541 658 636 710 give
659 657 799 708 praise
822 658 864 697 in
888 656 961 697 the
980 658 1235 708 Temperate
1261 657 1390 709 Style,
1414 671 1464 697 or
1488 658 1619 709 speak
1639 658 1689 698 of
1713 665 1833 711 great
1856 665 1963 699 mat-

315 734 413 776 ters,
442 726 715 776 continually,
744 725 786 764 in
813 725 884 766 the
912 725 1059 766 Grand
1089 724 1218 777 Style.
1276 725 1418 766 When
1445 725 1516 766 the
1543 733 1690 766 orator
1717 726 1751 766 is
1780 727 1964 779 treating

314 793 378 834 his
406 793 545 834 theme
572 793 624 833 he
650 799 765 834 must
790 793 842 833 be
868 792 1025 845 guided
1052 793 1106 845 by
1133 792 1198 834 his
1225 792 1462 845 judgment,
1492 793 1576 833 and
1605 793 1635 833 it
1661 793 1785 834 often
1813 806 1962 834 occurs

313 862 405 901 that
426 875 481 901 an
503 861 734 912 important
756 867 910 900 matter
933 874 1030 912 may
1053 860 1102 901 be
1126 861 1289 902 treated
1313 861 1354 901 in
1376 861 1432 901 all
1455 861 1573 902 these
1597 861 1725 913 styles
1748 868 1791 902 at
1816 859 1963 902 differ-

313 936 383 969 ent
414 929 549 969 times.
609 928 748 969 There
780 927 814 969 is
845 942 902 968 no
933 928 1098 980 subject
1127 935 1295 981 greater
1327 928 1428 969 than
1461 928 1568 977 God,
1601 929 1686 969 and
1713 928 1786 969 the
1816 936 1962 970 orator

313 1011 391 1037 can
417 1004 492 1037 tax
518 997 583 1037 his
609 996 788 1037 abilities
816 1002 858 1035 to
885 996 955 1036 the
980 1003 1140 1036 utmost
1168 997 1211 1036 in
1236 996 1442 1049 speaking
1467 996 1601 1037 either
1627 997 1676 1038 ot'
1704 997 1812 1038 Him
1837 1010 1885 1037 or
1912 996 1962 1036 of

314 1064 396 1105 His
422 1064 587 1113 work53
625 1071 694 1115 yet
720 1064 843 1104 when
868 1062 1108 1116 something
1133 1064 1166 1104 is
1191 1071 1234 1104 to
1258 1064 1309 1104 be
1335 1064 1507 1105 learned
1532 1064 1661 1105 about
1687 1063 1793 1104 Him
1816 1078 1867 1104 or
1891 1064 1962 1105 the

313 1132 430 1183 Holy
452 1130 634 1183 Trinity,
658 1132 689 1172 it
711 1130 745 1172 is
768 1131 911 1184 highly
936 1132 1151 1183 improper
1173 1138 1216 1172 to
1239 1144 1314 1172 use
1338 1146 1420 1184 any
1443 1133 1549 1183 style
1572 1145 1671 1172 save
1696 1132 1765 1173 the
1788 1132 1962 1172 method

310 1199 359 1240 of
389 1199 499 1240 calm
528 1200 778 1244 discussion,
808 1213 855 1239 so
884 1199 975 1240 that
1004 1214 1028 1240 a
1058 1198 1225 1250 subject
1253 1198 1394 1239 which
1424 1199 1465 1239 in
1496 1199 1612 1240 itself
1642 1201 1677 1240 is
1707 1199 1883 1240 difficult
1911 1199 1960 1240 of

313 1268 666 1319 comprehension
687 1281 785 1319 may
806 1267 855 1307 be
877 1268 947 1307 the
967 1280 1086 1307 more
1107 1266 1238 1318 easily
1258 1267 1534 1307 understood.
1587 1268 1636 1307 In
1658 1268 1709 1307 D.
1733 1267 1784 1309 D.
1811 1267 1855 1307 C.
1882 1267 1959 1315 IV,

317 1346 376 1386 19.
396 1334 462 1386 38,
493 1334 736 1386 Augustine
770 1348 889 1386 says:
950 1334 1005 1374 Et
1037 1341 1179 1374 tamen
1212 1347 1310 1373 cum
1340 1334 1491 1374 doctor
1522 1334 1601 1374 iste
1633 1334 1784 1374 debeat
1817 1347 1960 1374 rerum

310 1402 446 1442 dictor
475 1415 567 1442 esse
594 1414 861 1453 magnarum,
891 1414 976 1441 non
1007 1414 1173 1452 semper
1202 1415 1272 1442 eas
1303 1401 1426 1442 debet
1452 1401 1672 1454 granditer
1702 1400 1854 1450 dicere,
1885 1401 1960 1442 sed

310 1469 530 1517 submisse,
559 1482 655 1509 cum
680 1468 840 1520 aliquid
867 1469 1067 1517 docetur;
1105 1474 1352 1520 temperate,
1382 1481 1480 1509 cum
1504 1469 1664 1520 aliquid
1691 1469 1960 1520 vituperatur

310 1537 398 1578 sive
426 1536 646 1577 laudatur:
692 1549 788 1576 cum
814 1549 917 1577 vero
945 1536 1105 1587 aliquid
1134 1537 1348 1588 agendum
1374 1543 1450 1586 est,
1478 1543 1520 1577 et
1548 1537 1602 1577 ad
1631 1551 1702 1577 eos
1730 1536 1958 1588 loquimur,

308 1604 380 1656 qui
406 1605 487 1644 hoc
512 1619 639 1657 agere
667 1604 832 1652 debent,
860 1618 937 1645 nec
964 1611 1106 1644 tamen
1131 1604 1293 1652 volunt,
1323 1612 1424 1645 tunc
1452 1618 1499 1646 ea
1527 1617 1635 1655 quae
1662 1618 1819 1657 magna
1846 1611 1958 1653 sunt,

306 1673 484 1713 dicenda
519 1680 617 1713 sunt
650 1673 881 1725 granditer,
917 1679 957 1713 et
991 1672 1045 1713 ad
1081 1672 1310 1713 flectendos
1345 1673 1509 1713 animos
1545 1679 1839 1725 congruenter.
1903 1672 1958 1712 Et

306 1741 535 1791 aliquando
560 1741 611 1781 de
638 1755 722 1781 una
748 1741 980 1791 eademque
1008 1755 1051 1781 re
1078 1755 1245 1793 magna,
1274 1747 1313 1781 et
1339 1740 1546 1781 submisse
1575 1741 1742 1789 dicitur,
1772 1741 1805 1781 si
1834 1741 1957 1781 doce-

309 1815 401 1856 tur;
442 1815 483 1848 et
521 1814 766 1859 temperate,
807 1808 840 1847 si
880 1807 1154 1859 praedicatur
1167 1821 1176 1855 ;
1216 1813 1257 1847 et
1295 1807 1526 1859 granditer,
1569 1808 1603 1847 si
1644 1820 1820 1848 aversus
1860 1807 1958 1848 inde

305 1875 471 1916 animus
504 1883 550 1915 ut
582 1882 855 1915 convertatur
888 1875 1129 1926 impellitur,
1163 1875 1265 1925 quid
1296 1874 1408 1916 enim
1440 1874 1532 1915 Deo
1566 1875 1657 1926 ipso
1689 1874 1831 1926 majus
1865 1875 1958 1915 est?

306 1941 516 1993 Nunquid
556 1941 650 1981 ideo
688 1954 773 1980 non
812 1941 1019 1981 discitur?
1072 1941 1163 1981 Aut
1200 1941 1272 1992 qui
1311 1941 1436 1981 docet
1474 1941 1682 1981 unitatem
1720 1939 1958 1988 Trinitatis,

308 2008 431 2049 debet
469 2007 549 2048 nisi
588 2008 798 2048 submissa
837 2007 1123 2059 disputatione
1161 2022 1298 2060 agere,
1338 2014 1385 2048 ut
1424 2021 1490 2049 res
1528 2008 1582 2048 ad
1622 2008 1958 2060 dignoscendum

308 2075 501 2123 difficilis,
529 2083 737 2126 quantum
763 2076 899 2123 datur,
927 2076 1061 2127 possit
1089 2074 1294 2127 intelligi?
1349 2076 1571 2126 Numquid
1599 2075 1666 2115 hic
1692 2081 1956 2123 ornamenta,

311 2150 350 2184 et
382 2157 466 2183 non
499 2144 753 2185 documenta
785 2143 1078 2194 quaeruntur?
1124 2143 1332 2193 numquid
1365 2150 1411 2183 ut
1443 2142 1603 2193 aliquid
1634 2150 1732 2195 agat
1766 2150 1830 2183 est
1863 2142 1958 2183 flec-

304 2212 458 2251 tendus
489 2212 672 2259 auditor,
704 2218 743 2251 et
775 2225 858 2252 non
890 2211 1033 2262 potius
1063 2217 1107 2250 ut
1141 2212 1276 2251 discat
1308 2211 1611 2251 instruendus?
1672 2210 1807 2251 Porro
1840 2223 1956 2250 curn—

306 2279 506 2319 laudatur
535 2278 652 2318 Deus
683 2277 771 2318 sive
802 2278 853 2318 de
885 2278 1036 2329 seipso,
1067 2278 1156 2319 sive
1188 2278 1239 2318 de
1267 2277 1467 2329 operibus
1499 2275 1599 2326 suis,
1630 2283 1789 2328 quanta
1822 2277 1955 2318 facies

307 2345 510 2397 pulchrae
548 2359 597 2386 ac
637 2346 882 2397 splendidae
922 2345 1118 2386 dictionis
1154 2345 1349 2386 oboritur
1386 2344 1422 2386 ei
1463 2346 1534 2396 qui
1572 2352 1712 2396 potest
1750 2351 1957 2395 quantum

308 2420 446 2464 potest
481 2414 669 2462 laudare,
706 2426 833 2463 quem
867 2426 992 2454 nemo
1030 2413 1331 2453 convenienter
1365 2412 1522 2461 laudat,
1561 2425 1684 2453 nemo
1722 2412 1956 2463 quomodo—

309 2494 488 2531 cumque
512 2495 597 2521 non
624 2481 789 2521 laudat!
844 2481 902 2521 At
928 2482 961 2521 si
987 2495 1071 2521 non
1096 2480 1271 2529 colatur,
1297 2488 1369 2521 aut
1395 2493 1490 2520 cum
1517 2480 1588 2521 illo
1613 2481 1679 2521 vel
1706 2481 1833 2520 etiam
1856 2493 1957 2531 prae

311 2547 381 2588 illo
407 2547 599 2587 colantur
625 2546 749 2596 idola,
776 2548 864 2588 sive
889 2548 1113 2588 daemonia
1139 2548 1227 2588 sive
1252 2559 1542 2598 quaecumque
1568 2553 1762 2587 creatura
1777 2560 1785 2596 ;
1826 2558 1958 2597 quan-

309 2621 402 2656 tum
423 2615 503 2656 hoc
527 2616 688 2656 malum
711 2614 776 2664 sit,
801 2622 927 2666 atque
949 2622 994 2655 ut
1019 2615 1070 2656 ab
1094 2615 1172 2656 hoc
1195 2617 1310 2655 malo
1332 2621 1579 2655 avertantur
1603 2614 1807 2662 homines,
1835 2614 1957 2654 debet

311 2684 458 2735 utique
481 2684 701 2735 granditer
724 2683 820 2724 dici.

395 2761 477 2800 We
499 2772 583 2808 are,
607 2759 835 2808 therefore,
860 2767 933 2801 not
957 2768 999 2801 to
1023 2774 1206 2812 suppose
1231 2761 1321 2800 that
1345 2761 1375 2800 it
1400 2761 1434 2800 is
1459 2759 1674 2811 improper
1696 2765 1740 2799 to
1764 2759 1958 2800 combine

311 2827 429 2867 these
458 2825 631 2868 various
663 2828 803 2878 styles,
835 2827 909 2868 but
937 2840 994 2867 on
1025 2827 1095 2868 the
1127 2833 1338 2878 contrary,
1370 2840 1497 2878 every
1528 2826 1693 2877 variety
1724 2825 1876 2866 should
1907 2825 1958 2866 be

312 2894 562 2935 introduced
589 2907 637 2934 so
662 2893 731 2934 far
756 2908 800 2934 as
827 2907 924 2946 may
948 2894 998 2935 be
1022 2895 1254 2935 consistent
1281 2894 1382 2935 with
1406 2894 1518 2947 good
1544 2900 1664 2935 taste.
1719 2893 1861 2933 NVhen
1887 2893 1958 2933 the

309 2969 456 3003 orator
487 2961 614 3013 keeps
645 2961 975 3014 monotonously
1007 2969 1052 3003 to
1083 2976 1167 3014 any
1195 2976 1276 3004 one
1309 2963 1428 3014 style,
1460 2961 1511 3002 he
1546 2959 1645 3002 fails
1678 2967 1723 3001 to
1753 2960 1853 3001 hold
1885 2961 1957 3001 the

665 3028 965 3051 &a
