2276 3519
560 209 887 240 ILLUSTRATION
913 210 966 239 OF
991 210 1086 239 THE
1110 211 1248 240 PLAIN
1275 211 1409 240 STYLE
1757 213 1810 254 39

164 333 293 375 dinat.
345 333 545 374 Abrahae
569 334 706 375 dictae
729 341 827 375 sunt
850 335 1152 386 promissiones
1176 342 1217 375 et
1242 335 1390 375 semini
1414 335 1517 376 eius.
1573 335 1671 376 Non
1698 336 1810 384 dicit,

167 409 207 443 et
229 401 473 449 seminibus,
498 409 700 453 tanquam
726 403 766 442 in
789 403 946 450 multis,
972 402 1045 442 sed
1068 410 1271 454 tanquam
1296 403 1337 442 in
1361 416 1458 450 uno,
1484 409 1525 443 et
1550 403 1698 443 semini
1724 411 1810 451 tuo,

161 468 278 520 quod
308 475 371 509 est
404 467 613 509 Christus.
676 468 773 509 Hoc
805 475 948 508 autem
979 468 1088 516 dico,
1123 475 1425 509 testamentum
1459 469 1757 509 confirmatum
1789 482 1814 509 a

165 535 270 583 Deo,
299 547 407 586 quae
435 543 531 586 post
559 536 891 588 quadringentos
921 542 961 576 et
990 536 1164 589 triginta
1192 550 1326 576 annos
1357 536 1473 577 facta
1501 542 1563 577 est
1592 536 1697 584 LeX‚
1727 549 1812 576 non

164 602 350 643 infirmat
375 602 429 642 acl
456 602 726 643 evacuandas
751 603 1069 654 promissiones.
1127 601 1172 643 Si
1199 603 1311 643 enim
1338 616 1391 642 ex
1420 603 1532 654 Lege
1560 603 1813 650 haereditas,

169 670 253 710 iam
297 683 382 709 non
425 684 479 709 ex
523 669 817 720 promissione.
888 670 1088 709 Abrahae
1134 677 1276 709 autem
1320 683 1395 721 per
1440 670 1814 721 repromissionem

166 737 344 777 donavit
375 736 503 776 Deus.
562 736 680 788 Quid
710 750 810 788 ergo
844 736 962 775 Lex?
1022 736 1395 788 Transgressionis
1426 736 1564 788 gratia
1594 737 1814 788 proposita

169 811 244 851 est,
266 804 399 844 donec
421 803 584 843 veniret
605 816 747 842 semen
770 802 837 842 cui
859 802 1116 854 promissum
1139 810 1214 850 est,
1237 803 1443 854 disposita
1463 816 1539 854 per
1560 803 1749 855 Angelos
1772 803 1814 842 in

165 883 295 910 manu
321 868 582 909 mediatoris.
641 869 859 909 Mediator
885 875 1028 909 autem
1055 869 1181 909 unius
1211 882 1295 908 non
1324 876 1399 916 est,
1430 869 1547 909 Deus
1576 883 1677 909 vero
1706 880 1817 908 unus

167 942 243 977 est.
298 936 390 977 Lex
416 949 518 988 ergo
542 936 748 976 adversus
773 934 985 987 promissa
1010 936 1119 976 Dei?
1173 935 1310 976 Absit.
1367 936 1413 977 Si
1439 935 1553 976 enim
1580 937 1679 976 data
1705 942 1815 976 esset

170 1004 261 1044 Lex
283 1016 392 1054 quae
414 1010 556 1054 posset
579 1002 808 1051 vivificare,
833 1002 1006 1044 omnino
1030 1018 1082 1045 ex
1105 1003 1220 1056 Lege
1244 1011 1354 1044 esset
1378 1003 1556 1055 justitia.
1609 1003 1694 1044 Sed
1719 1017 1816 1044 con-

171 1069 295 1112 clusit
339 1071 560 1123 Scriptura
602 1072 745 1112 omnia
788 1071 866 1111 sub
907 1078 1095 1122 peccato,
1137 1078 1184 1111 ut
1225 1069 1452 1122 promissio
1495 1084 1547 1111 ex
1592 1070 1673 1111 fide
1715 1070 1818 1122 Jesu

172 1137 331 1179 Christi
359 1139 534 1179 daretur
560 1138 842 1179 credentibus.
877 1138 994 1191 (Gal.
1024 1139 1104 1186 ΙΙΙ,
1138 1139 1304 1191 15-22).

212 1206 416 1258 Analysis
436 1206 486 1259 of
505 1206 572 1247 tlte
592 1207 726 1248 above
747 1207 787 1247 in
809 1207 1068 1247 accordatzce
1088 1207 1191 1247 with
1214 1207 1282 1247 tlte
1304 1207 1443 1247 Norm
1466 1207 1513 1258 of
1532 1207 1773 1258 Athnstine

336 1288 372 1315 a.
431 1274 474 1313 A
519 1273 616 1322 will,
662 1288 712 1314 or
756 1280 983 1314 testament
1026 1273 1150 1315 made
1197 1274 1251 1326 by
1295 1288 1407 1322 man,
1453 1274 1577 1314 when
1622 1273 1822 1325 properly

543 1341 736 1391 attested,
760 1348 913 1382 cannot
935 1341 986 1382 be
1007 1341 1250 1394 abrogated.

439 1408 624 1456 Fratres,
650 1409 884 1449 secundum
906 1408 1122 1449 hominem
1145 1407 1251 1458 dico,

442 1483 585 1516 tamen
610 1476 794 1516 hominis
822 1476 1120 1516 confirmatum
1147 1483 1448 1516 testamentum

439 1556 564 1584 nemo
592 1541 762 1584 irritum
791 1543 908 1592 facit,

440 1617 514 1651 aut
532 1610 844 1662 superordinat.

440 1678 481 1718 A
505 1677 665 1719 section
688 1678 737 1719 of
763 1678 865 1718 four
886 1678 1088 1719 membra.

343 1745 381 1786 b.
439 1745 639 1797 J-ehova's
666 1753 876 1786 covenant
900 1745 1005 1785 with
1029 1745 1250 1786 Abraham
1277 1745 1361 1786 and
1386 1745 1452 1785 his
1480 1744 1591 1785 seed.

444 1813 645 1853 Abrahae
669 1813 806 1853 dictae
831 1820 928 1853 sunt
950 1813 1254 1864 promissiones
1278 1820 1319 1853 et
1344 1812 1492 1852 semini
1516 1812 1618 1852 eius.

435 1880 536 1920 Non
559 1879 674 1927 dicit,

442 1954 482 1987 et
508 1947 751 1994 seminibus,

443 2020 648 2065 tanquam
668 2012 710 2053 in
730 2014 887 2062 multis,

443 2082 516 2122 sed
544 2087 749 2132 tanquam
778 2081 820 2121 in
849 2094 948 2130 uno,

446 2156 486 2189 et
513 2150 663 2189 semini
690 2156 776 2197 tuo,

445 2216 559 2267 quod
583 2222 647 2256 est
670 2216 880 2257 Christus.

439 2282 482 2322 A
505 2282 655 2334 period
680 2282 726 2323 of
750 2296 830 2323 one
853 2282 1093 2322 membrum
1117 2281 1203 2322 and
1227 2282 1295 2322 six
1321 2295 1455 2322 caesa.

343 2362 377 2389 c.
435 2349 478 2388 A
505 2355 733 2389 testament
763 2348 929 2389 ratified
955 2348 1003 2389 of
1033 2348 1128 2389 God
1155 2360 1238 2400 430
1264 2361 1389 2400 years
1417 2348 1674 2400 previously,

499 2416 570 2456 the
589 2416 671 2455 law
692 2416 739 2456 of
761 2416 907 2456 Moses
928 2422 1083 2456 cannot
1104 2415 1246 2455 annul.

442 2482 539 2523 Hoc
562 2489 704 2523 autem
729 2481 836 2531 dico,
872 2506 878 2510 —

440 2555 741 2591 testamentum
762 2549 1061 2590 confirmatum
1080 2563 1105 2590 a
1124 2548 1229 2597 Deo,

443 2631 552 2669 quae
574 2625 670 2669 post
694 2617 1028 2670 quadringentos
1053 2625 1093 2658 et
1116 2616 1291 2669 triginta
1315 2630 1448 2657 annos

443 2684 560 2725 facta
584 2690 647 2725 est
671 2684 777 2734 Lex,

438 2765 525 2792 non
550 2751 737 2792 infirmat
759 2751 816 2792 ad
842 2751 1110 2793 evacuandas
1135 2750 1452 2803 promissiones.

441 2817 483 2857 A
505 2818 654 2870 period
676 2818 726 2858 of
753 2818 855 2859 four
877 2818 1080 2860 membra.

343 2884 383 2926 d.
444 2884 715 2926 Inheritance
736 2885 792 2938 by
813 2886 1012 2938 promise.
