2276 3519
488 235 786 281 AUGUSTINE'S
816 244 945 274 IDEAL
974 238 1338 271 ECCLESIASTICAL
1367 233 1534 264 ORATOR
1786 228 1833 269 15

197 379 393 421 rhetoric.
454 376 589 415 Porro
620 372 689 424 qui
721 384 806 410 non
837 368 973 409 solum
1005 364 1228 416 sapienter,
1257 372 1406 401 verum
1437 357 1564 398 etiam
1595 355 1841 405 eloquenter

195 446 285 488 vult
315 445 466 493 dicere,
496 439 699 493 quoniam
727 436 925 489 profecto
952 434 1046 485 plus
1075 427 1277 483 proderit,
1310 426 1343 467 si
1374 433 1602 474 utrumque
1631 417 1840 472 potuerit;

197 515 250 556 ad
270 512 472 566 legendos
495 509 559 550 vel
583 505 817 548 audiendos
840 511 879 544 et
903 499 1205 541 exercitatione
1229 493 1456 536 imitandos
1479 492 1721 541 eloquentes
1747 499 1842 528 eum

194 582 318 623 mitto
351 577 562 623 libentius,
599 587 726 627 quam
762 569 978 622 magistris
1014 564 1118 607 artis
1155 563 1392 604 rhetoricae
1427 571 1580 600 vacare
1616 552 1845 608 praecipio.

208 650 282 701 (D.
306 648 356 687 D.
381 646 424 686 C.
450 645 525 692 IV,
549 654 583 694 5.
601 642 664 693 8.)

283 710 531 767 Regarding
554 710 626 749 the
655 719 770 748 same
795 702 1012 756 principle,
1041 699 1191 740 Cicero
1219 709 1328 747 says,
1357 694 1422 734 De
1452 691 1569 732 Orat.
1601 690 1660 737 II,
1689 698 1752 727 20.
1770 685 1845 737 85:

202 783 348 835 Quare
370 794 447 833 ego
471 779 544 819 tibi
567 784 782 817 oratorem
804 773 862 812 sic
885 771 968 811 iarn
991 767 1223 812 instituam,
1249 764 1281 804 si
1305 770 1467 814 potero,
1490 766 1535 799 ut
1559 757 1661 808 quid
1684 754 1848 796 efficere

201 850 333 902 possit
374 854 471 888 ante
510 843 774 895 perspiciam.
847 837 910 878 Sit
949 836 1060 876 enim
1101 832 1203 872 mihi
1243 831 1400 870 tinctus
1437 826 1612 873 litteris3
1667 821 1849 864 audierit

204 914 376 967 aliquid,
401 912 562 965 legerit,
588 911 668 950 ista
694 909 785 958 ipsa
810 909 1035 957 praecepta
1062 897 1292 950 acceperit:
1319 893 1536 946 temptabo
1562 889 1664 942 quid
1691 890 1850 935 deceat,

206 983 308 1037 quid
328 994 444 1029 voce,
467 978 569 1031 quid
590 976 764 1021 viribus,
788 972 889 1025 quid
912 970 1076 1022 spiritu,
1099 966 1200 1019 quid
1222 965 1368 1016 lingua
1389 961 1554 1002 efficere
1574 957 1720 1010 possit.

508 1046 579 1098 (b)
606 1044 676 1084 He
695 1040 863 1082 should
879 1036 1074 1078 Practice
1094 1031 1349 1084 Himselfin
1372 1027 1557 1079 W'ritiny

292 1116 343 1156 In
371 1113 564 1155 addition
594 1118 639 1151 to
667 1105 868 1159 listening
895 1113 938 1146 to
969 1104 1166 1153 eloquent
1195 1112 1305 1146 men,
1336 1096 1420 1137 and
1451 1093 1628 1144 reading
1658 1091 1856 1140 eloquent

209 1183 421 1237 speeches‚
457 1181 512 1221 let
549 1178 618 1219 the
655 1171 953 1217 ecclesiastical
988 1176 1136 1211 orator
1172 1166 1349 1216 develop
1385 1160 1558 1203 himself
1595 1160 1649 1211 by
1686 1156 1858 1207 writing

209 1252 293 1293 and
326 1249 551 1300 dictating:
600 1244 825 1287 accendete
858 1242 924 1281 vel
954 1239 1141 1279 maxime
1173 1233 1479 1276 exercitatione
1513 1229 1601 1269 sive
1635 1223 1857 1269 scribendi,

213 1320 302 1361 sive
334 1315 536 1362 dictandi,
568 1320 785 1366 postremo
819 1309 947 1349 etiam
977 1303 1161 1351 dicendi,
1196 1314 1304 1353 quae
1339 1296 1574 1340 secundum
1607 1291 1776 1346 pietatis
1810 1303 1859 1330 ac

212 1386 311 1428 fidei
336 1384 526 1436 regulam
551 1380 690 1421 sentit.
751 1378 826 1429 (D.
850 1376 902 1415 D.
932 1374 976 1414 C.
1004 1372 1082 1419 IV,
1109 1382 1144 1422 3.
1163 1370 1226 1421 4.)

296 1451 418 1493 With
441 1449 660 1490 reference
682 1453 727 1486 to
747 1442 898 1489 which,
921 1439 1083 1486 Cicero,
1107 1438 1172 1478 De
1196 1435 1314 1476 Orat.
1341 1433 1398 1480 H,
1421 1443 1485 1483 23.
1502 1428 1569 1481 96,
1594 1440 1711 1478 says:
1735 1425 1862 1464 Hanc

217 1519 345 1574 igitur
383 1515 703 1559 similitudinem
739 1512 811 1563 qui
847 1507 1082 1550 imitatione
1117 1501 1293 1554 adsequi
1329 1501 1455 1546 volet,
1493 1509 1622 1548 quom
1659 1492 1865 1534 exercita-

215 1587 400 1630 tionibus
431 1583 588 1625 crebris
619 1589 744 1632 atque
773 1578 937 1630 magnis
967 1583 1059 1616 tum
1088 1570 1310 1614 scribendo
1340 1580 1542 1609 maxume
1572 1567 1864 1615 persequatur.

499 1653 567 1704 (c)
631 1650 702 1690 He
729 1645 897 1688 5120qu
926 1644 1092 1684 Choose
1121 1655 1145 1681 a
1174 1637 1324 1679 Model
1354 1642 1393 1676 to
1423 1633 1594 1674 Imitate

302 1722 363 1763 As
391 1721 552 1762 infants
578 1712 696 1758 learn
722 1724 767 1756 to
794 1713 923 1765 speak
948 1711 1003 1763 by
1031 1708 1243 1759 imitating
1270 1704 1341 1746 the
1367 1701 1518 1754 speech
1545 1699 1593 1740 of
1620 1698 1742 1738 those
1768 1694 1867 1745 they

222 1790 337 1837 hear,
368 1801 416 1828 so
443 1787 498 1838 by
527 1784 740 1834 imitating
768 1796 791 1821 a
821 1786 941 1833 great
971 1776 1150 1828 speaker
1178 1773 1263 1813 will
1294 1771 1366 1811 the
1396 1765 1695 1809 ecclesiastical
1725 1768 1871 1803 orator

224 1859 398 1898 become
433 1855 642 1905 eloquent.
708 1850 996 1902 Quapropter,
1033 1856 1131 1884 cum
1167 1855 1222 1882 ex
1257 1837 1494 1879 infantibus
1529 1835 1750 1884 loquentes
1786 1841 1872 1868 non

226 1924 342 1972 fiant,
371 1922 452 1962 nisi
480 1917 713 1960 locutiones
742 1914 946 1957 discendo
972 1907 1260 1962 loquentium;
1290 1918 1364 1945 cur
1393 1903 1637 1953 eloquentes
1668 1897 1760 1938 fieri
1788 1909 1874 1936 non

223 1991 400 2044 possint,
437 1987 552 2028 nulla
588 1982 812 2036 eloqu-endi
849 1986 940 2021 arte
974 1977 1144 2024 tradita,
1182 1974 1256 2015 sed
1292 1969 1552 2013 elocutiones
1588 1962 1878 2017 eloquentium

228 2057 408 2110 legendo
450 2062 490 2095 et
531 2051 756 2098 audiendo,
799 2056 840 2089 et
881 2053 1088 2100 quantum
1128 2041 1296 2093 assequi
1337 2036 1598 2082 conceditur,
1642 2028 1875 2072 imitando?

239 2125 313 2177 (D.
340 2124 391 2163 D.
421 2122 467 2163 C.
494 2121 571 2169 IV,
597 2132 633 2172 3.
655 2120 714 2170 5.)

315 2190 386 2231 On
411 2189 482 2230 the
508 2186 713 2240 principle
738 2183 786 2224 of
814 2179 1038 2228 imitation,
1065 2177 1229 2223 Cicero,
1256 2175 1322 2214 De
1349 2171 1469 2212 Orat.
1499 2169 1556 2216 H,
1584 2178 1648 2207 22.
1666 2176 1732 2218 90,
1759 2174 1878 2214 says:

234 2259 350 2311 Ergo
384 2257 463 2298 hoc
497 2255 550 2296 sit
582 2254 769 2306 primum
802 2251 844 2291 in
878 2244 1114 2301 praeceptis
1147 2242 1266 2290 meis,
1299 2248 1347 2282 ut
1381 2239 1719 2279 demonstremus
1756 2243 1883 2282 quem

237 2327 427 2367 imitetur
447 2331 574 2375 atque
595 2323 653 2362 ita
676 2328 734 2367 ut,
757 2331 864 2370 quae
884 2328 1086 2356 maxume
1108 2310 1317 2352 excellent
1338 2308 1380 2348 in
1402 2320 1464 2353 eo,
1486 2317 1612 2356 quem
1635 2299 1883 2345 imitabitur,

238 2407 287 2434 ea
315 2390 636 2445 diligentissime
665 2391 957 2439 persequatur.
1016 2382 1129 2421 Tum
1158 2376 1332 2419 accedat
1361 2370 1622 2417 exercitatio,
1654 2380 1737 2419 qua
1767 2365 1886 2406 illum

240 2474 366 2514 quem
389 2457 592 2510 delegerit
616 2453 822 2496 imitando
847 2451 1018 2502 effingat
1041 2455 1166 2499 atque
1191 2443 1415 2496 exprimat.

324 2527 457 2567 From
482 2524 554 2565 the
581 2522 715 2564 above
743 2519 940 2561 citations
967 2515 999 2556 it
1027 2526 1206 2566 appears
1232 2510 1327 2551 that
1353 2523 1399 2549 as
1429 2501 1752 2560 Cicerowould
1779 2499 1888 2539 have

242 2593 308 2636 his
330 2594 438 2635 ideal
460 2598 605 2634 orator
625 2588 750 2630 listen
771 2595 814 2629 to
837 2586 1034 2636 eloquent
1056 2581 1268 2633 speakers,
1292 2577 1374 2618 and
1396 2574 1499 2616 read
1520 2572 1591 2613 the
1611 2566 1889 2622 productions

243 2663 293 2704 of
325 2662 524 2712 eloquent
553 2671 674 2706 men;
705 2656 798 2698 that
829 2669 875 2696 as
907 2653 959 2693 he
990 2649 1133 2692 would
1164 2647 1273 2687 have
1304 2645 1392 2684 him
1423 2640 1608 2694 practice
1641 2633 1814 2677 himself
1847 2634 1891 2673 in

247 2730 419 2782 writing
455 2727 539 2769 and
577 2725 804 2772 dictation;
842 2721 939 2769 and,
978 2717 1135 2769 finally,
1173 2714 1266 2755 that
1303 2726 1349 2753 as
1387 2710 1441 2753 he
1477 2706 1620 2749 would
1658 2705 1766 2745 have
1804 2699 1893 2741 him

249 2798 403 2838 choose
424 2809 506 2836 one
530 2808 580 2835 or
602 2806 721 2833 more
744 2789 930 2832 eminent
953 2791 1120 2828 orators
1145 2789 1190 2823 to
1212 2780 1386 2828 imitate,
1414 2790 1462 2818 so
1485 2773 1628 2816 would
1652 2769 1894 2824 Augustine

250 2864 358 2906 have
382 2863 446 2904 his
471 2859 768 2903 ecclesiastical
791 2863 937 2898 orator
961 2852 1072 2895 train
1097 2848 1284 2892 himself.
