2276 3519
590 203 915 236 ILLUSTRATION
942 202 995 231 OF
1021 200 1114 229 THE
1140 198 1278 227 PLAIN
1306 196 1439 225 STYLE
1784 191 1833 229 41

192 340 263 380 the
296 341 504 379 covenant
534 332 582 374 of
618 331 712 372 God
745 336 788 371 to
823 327 946 369 stand
978 322 1286 375 unimpeached
1320 334 1422 362 over
1455 318 1622 371 against
1655 316 1725 357 the
1758 316 1839 356 law

197 407 244 448 of
275 405 434 446 Moses.
497 401 638 441 There
669 398 717 446 is,
748 407 985 441 moreover,
1019 405 1073 432 no
1106 387 1449 431 ornamentation
1481 386 1527 426 of
1561 382 1734 431 diction,
1767 382 1844 423 but

199 488 254 515 on
291 472 361 513 the
396 470 518 511 other
554 465 680 514 hand,
717 464 832 516 plain
868 461 952 502 and
989 456 1240 500 unadorned
1277 454 1442 507 speech.
1508 451 1614 492 This
1650 463 1843 502 passage,

198 538 430 587 therefore,
451 537 485 578 is
507 533 638 588 justly
659 530 853 574 referred
874 535 919 569 to
938 542 984 569 as
1005 541 1029 568 a
1051 526 1263 577 specimen
1282 522 1331 563 of
1353 521 1424 562 the
1448 517 1669 562 Submissa
1688 515 1844 557 Dictio.

515 746 721 788 CYPRIAN
743 755 804 784 ON
826 753 920 781 THE
944 740 1227 781 SACRAMENT
1248 747 1303 776 oF
1323 746 1417 774 THE
1439 733 1535 774 Cup

288 841 341 880 D.
370 839 422 879 D.
455 837 501 878 C.
531 836 609 883 IV,
640 843 798 884 21.45:
855 829 1113 871 Admonitos
1144 833 1285 868 autern
1314 839 1391 866 nos
1423 824 1544 872 scias,
1575 829 1622 862 ut
1650 821 1693 861 in
1723 820 1852 861 calice

204 906 430 949 offerendo
454 902 667 945 dominica
691 900 864 941 traditio
890 904 1096 945 servetur,
1121 906 1256 945 neque
1281 892 1398 934 aliud
1422 891 1496 931 fiat
1518 904 1543 931 a
1567 889 1701 936 nobis,
1726 900 1854 939 quam

209 976 324 1029 quod
354 987 432 1026 pro
461 972 583 1012 nobis
614 969 826 1010 Dominus
855 966 974 1018 prior
1005 964 1118 1011 fecit,
1151 969 1198 1002 ut
1229 961 1342 1001 calix
1372 959 1444 1011 qui
1476 959 1518 998 in
1548 969 1854 997 commemora-

210 1045 370 1084 tionem
392 1039 481 1081 eius
505 1038 700 1084 offertur,
723 1035 824 1076 vino
847 1033 1010 1073 mixtus
1034 1030 1257 1072 offeratur.
1312 1027 1425 1067 Nam
1451 1038 1548 1066 cum
1572 1024 1686 1064 dicat
1711 1021 1856 1063 Chris-

207 1119 289 1158 tus,
311 1109 430 1161 “Ego
451 1120 546 1148 sum
564 1106 663 1146 vitis
683 1101 824 1151 vera‚”
852 1101 998 1153 (Joan.
1021 1098 1119 1146 XV,
1143 1098 1188 1148 5)
1211 1110 1219 1145 ;
1254 1094 1426 1147 sanguis
1448 1092 1620 1139 Christi,
1642 1104 1726 1131 non
1748 1101 1857 1139 aqua

213 1185 275 1218 est
301 1177 459 1227 utique,
486 1173 560 1214 sed
585 1172 755 1217 vinum;
781 1182 857 1209 nec
883 1173 1022 1219 potest
1046 1164 1183 1205 videri
1210 1161 1382 1214 sanguis
1410 1160 1512 1207 eius,
1541 1172 1624 1210 quo
1653 1155 1860 1207 redempti

213 1252 254 1286 et
284 1242 488 1285 vivificati
520 1253 680 1288 sumus,
713 1250 805 1278 esse
837 1235 879 1275 in
912 1234 1053 1281 calice,
1086 1231 1257 1283 quando
1288 1227 1437 1270 vinum
1470 1226 1578 1267 desit
1611 1224 1742 1271 calici,
1777 1235 1861 1274 quo

213 1311 372 1354 Christi
405 1309 577 1361 sanguis
611 1306 874 1353 ostenditur;
908 1302 979 1354 qui
1015 1301 1337 1351 Scripturarum
1370 1296 1562 1337 omnium
1595 1297 1863 1334 sacramento

216 1393 264 1420 ac
290 1375 536 1419 testimonio
564 1371 846 1426 praedicatur.
906 1368 1153 1410 Invenimus
1182 1363 1296 1406 enim
1323 1365 1367 1404 in
1398 1359 1553 1404 Genesi
1583 1360 1695 1401 circa
1726 1371 1864 1399 sacra-

212 1452 404 1487 mentum
438 1443 533 1484 Noe
564 1442 644 1482 hoc
677 1440 790 1480 idem
821 1435 1180 1490 praecucurrisse,
1215 1440 1256 1474 et
1287 1432 1469 1484 figuram
1498 1427 1740 1469 dominicae
1770 1438 1866 1477 pas-

220 1511 350 1555 sionis
383 1510 466 1552 illic
497 1508 724 1556 exstitisse,
757 1505 872 1557 quod
902 1504 1051 1545 vinum
1081 1500 1198 1549 bibit,
1232 1499 1346 1550 quod
1379 1497 1612 1538 inebriatus
1646 1500 1721 1542 est,
1754 1491 1868 1543 quod

223 1582 266 1621 in
297 1581 424 1621 domo
457 1592 533 1618 sua
565 1576 751 1616 nudatus
783 1581 856 1621 est,
891 1571 1006 1624 quod
1040 1569 1123 1610 fuit
1155 1567 1362 1608 recubans
1395 1564 1521 1605 nudis
1554 1571 1594 1603 et
1626 1560 1869 1614 patentibus

225 1647 483 1694 femoribus;
518 1644 632 1697 quod
665 1641 837 1683 nuditas
871 1640 942 1679 illa
973 1637 1108 1690 patris
1142 1650 1166 1676 a
1197 1634 1338 1675 medio
1373 1632 1458 1673 filio
1491 1631 1693 1671 denotata
1726 1634 1810 1675 est;
1846 1640 1871 1667 a

218 1715 381 1756 maiore
410 1726 513 1760 v,er.o
544 1718 585 1752 et
613 1709 780 1750 minore
809 1712 1005 1747 contecta
1043 1703 1173 1756 (Gen.
1205 1702 1284 1750 IX,
1316 1699 1488 1751 20-25),
1520 1704 1560 1738 et
1591 1703 1733 1736 cetera
1765 1706 1873 1746 quae

225 1795 395 1823 necesse
427 1794 512 1821 non
545 1784 607 1819 est
638 1775 826 1826 exsequi,
859 1786 956 1814 cum
989 1771 1089 1813 satis
1124 1769 1177 1811 sit
1208 1769 1288 1809 hoc
1321 1767 1459 1808 solum
1491 1762 1726 1815 complecti,
1759 1760 1874 1812 quod

225 1851 319 1890 Noe
359 1856 510 1900 typum
552 1847 724 1886 futurae
765 1841 957 1884 veritatis
1000 1838 1241 1885 ostendens,
1284 1849 1370 1877 non
1411 1846 1566 1885 aquam
1610 1831 1684 1872 sed
1727 1830 1873 1870 vinum

225 1915 400 1966 biberit;
443 1922 483 1956 et
512 1915 572 1956 sic
600 1912 830 1964 imaginem
857 1909 1094 1950 dominicae
1123 1904 1333 1958 passionis
1362 1900 1632 1954 expresserit.
1692 1899 1803 1938 Item
1830 1897 1874 1937 in

226 1985 443 2026 sacerdote
494 1980 813 2022 Melchisedech
864 1976 1125 2018 dominicum
1176 1977 1491 2014 sacramentum
1539 1967 1876 2020 praefiguratum

226 2052 433 2098 videmus,
469 2049 704 2091 secundum
736 2046 851 2098 quod
886 2044 1107 2095 Scriptura
1140 2039 1285 2081 divina
1318 2044 1510 2087 testatur,
1546 2041 1586 2076 et
1620 2032 1742 2075 dicit:
1793 2031 1876 2072 “Et

227 2117 547 2160 Melchisedech
585 2129 663 2155 rex
703 2114 845 2155 Salem
881 2111 1059 2164 protulit
1096 2121 1250 2161 panem
1289 2112 1330 2146 et
1367 2105 1527 2146 vinum.
1597 2101 1698 2142 Fuit
1735 2106 1878 2141 autem

230 2186 429 2228 sacerdos
449 2185 530 2225 Dei
552 2181 719 2230 summi,
741 2188 781 2222 et
800 2178 1019 2220 benedixit
1039 2173 1299 2216 Abraham.'’
1343 2172 1431 2225 (Id.
1454 2170 1579 2218 XIX,
1606 2168 1697 2221 18).
1748 2165 1878 2218 Quod

230 2260 375 2295 autem
410 2249 728 2292 Melchisedech
764 2254 913 2300 typum
951 2244 1111 2286 Christi
1147 2247 1351 2294 portaret,
1391 2239 1578 2280 declarat
1613 2235 1658 2276 in
1697 2233 1876 2276 Psalmis

233 2319 419 2373 Spiritus
448 2325 630 2365 sanctus,
657 2331 711 2358 ex
736 2328 919 2367 persona
947 2312 1088 2353 Patris
1115 2310 1169 2351 ad
1197 2307 1352 2349 Filium
1379 2305 1544 2348 dicens:
1587 2304 1728 2344 “Ante
1754 2301 1880 2342 Luci-

232 2389 373 2429 ferum
404 2387 531 2439 genui
564 2393 617 2425 te.
677 2384 747 2424 Tu
779 2396 824 2423 es
857 2380 1055 2423 sacerdos
1088 2379 1131 2419 in
1164 2384 1385 2418 aeternum
1420 2372 1655 2415 secundum
1687 2369 1882 2411 ordinem

237 2452 595 2496 Melchisedech.’'
651 2451 745 2503 (ΡΞ.
769 2449 885 2497 CIX,
906 2449 974 2499 4).

261 2521 465 2574 Analysis
489 2520 539 2573 of
562 2520 630 2560 tlte
654 2519 787 2559 above
810 2517 853 2557 in
877 2515 1136 2557 accordance
1159 2512 1263 2552 with
1289 2510 1356 2551 tlze
1380 2509 1519 2549 Norm
1545 2507 1595 2559 of
1614 2504 1856 2557 Auyustine

402 2629 438 2656 a.
497 2613 756 2655 Admonitos
775 2618 919 2652 autem
938 2622 1015 2650 nos
1036 2608 1157 2655 scias,

496 2688 546 2722 ut
567 2681 610 2722 in
632 2678 764 2721 calice
785 2676 1010 2720 offerendo
1031 2673 1248 2716 dominica
1271 2671 1444 2713 traditio
1471 2674 1677 2716 servetur,

501 2761 638 2799 neque
660 2745 775 2788 aliud
796 2745 870 2786 fiat
891 2759 915 2785 a
936 2743 1069 2792 nobis,

500 2829 630 2867 quam
649 2814 765 2866 quod
783 2826 862 2865 pro
882 2810 1004 2853 nobis
1027 2807 1237 2850 Dominus
1259 2807 1376 2859 prior
1399 2805 1515 2853 fecit,

503 2889 552 2925 ut
576 2883 700 2932 caliX‚
724 2881 796 2933 qui
820 2881 863 2922 in
888 2873 1337 2921 commemorationem
1361 2871 1452 2914 eius
1476 2871 1672 2918 offertur,
