2276 3519
531 226 829 269 AUGUSTINE'S
859 236 987 265 IDEAL
1017 235 1382 265 ECCLESIASTICAL
1411 234 1578 263 ORATOR
1855 232 1876 274 5

232 342 298 383 his·
323 339 620 392 undertaking,
648 338 699 379 he
726 337 773 387 is,
801 337 917 378 after
942 337 1009 385 all,
1036 336 1182 389 giving
1208 336 1250 376 in
1274 334 1435 376 outline
1462 332 1527 374 his
1552 333 1663 374 ideal
1690 332 1738 374 of
1765 332 1878 372 what

234 410 306 451 the
333 407 635 449 ecclesiastical
663 414 807 447 orator
835 405 987 446 should
1016 405 1078 453 be,
1107 404 1191 444 and
1219 404 1310 443 that
1337 403 1420 443 this
1450 401 1559 442 ideal
1588 401 1634 449 is,
1665 401 1706 440 in
1735 414 1781 440 so
1812 401 1880 440 far
1908 432 1910 436 .

232 490 279 518 as
303 475 374 517 the
398 481 548 516 nature
569 474 619 515 of
643 474 675 514 it
697 473 781 514 will
806 471 951 521 admit,
976 472 1102 512 taken
1127 471 1244 510 from
1267 468 1430 510 Cicero.
1484 468 1577 509 The
1603 468 1711 508 ideal
1733 474 1881 507 orator

232 543 281 586 of
307 542 458 584 Cicero
481 543 515 583 is
540 542 610 583 the
635 542 806 593 lawyer,
830 541 900 581 the
925 547 1156 580 statesman
1171 552 1179 587 ;
1206 536 1481 590 Augustine's
1508 535 1542 577 is
1567 535 1637 577 the
1662 534 1879 587 preacher.

233 611 326 653 The
359 611 447 652 fact
477 612 524 651 of
557 610 621 650 his
653 610 810 661 having
840 608 1057 659 protested
1090 606 1192 646 with
1223 605 1358 657 vigor,
1391 605 1442 645 D.
1476 604 1528 645 D.
1563 603 1609 644 C.
1646 603 1721 645 IV.
1755 614 1791 643 2.
1825 603 1881 653 3‚⁴

234 678 327 720 that
358 678 543 718 rhetoric
576 677 611 718 is
644 690 690 717 as
722 674 927 716 available
958 681 1002 714 to
1035 673 1106 714 the
1139 672 1344 724 preacher
1377 685 1422 712 as
1457 679 1500 712 to
1532 670 1603 711 the
1637 669 1800 721 sophist
1832 682 1881 708 or

235 751 450 798 opponent
473 744 522 785 of
548 744 665 785 truth
680 757 689 792 ;
715 743 807 783 that
831 742 949 782 there
972 740 1009 782 is
1035 756 1058 783 a
1083 753 1239 791 proper
1263 739 1364 779 time
1389 746 1432 779 to
1457 739 1573 779 learn
1597 738 1670 778 the
1697 738 1808 778 rules
1834 736 1881 777 of

237 814 432 862 rhetoric,
461 813 512 852 D.
541 811 595 851 D.
627 810 671 851 C.
702 810 779 858 ΙΨ,
808 821 844 861 3.
873 811 940 859 4;⁵
969 808 1061 849 that
1088 809 1158 849 the
1187 806 1391 859 preacher
1418 813 1532 846 must
1562 807 1754 850 instruct,
1786 818 1883 844 con-

235 881 375 934 ciliate
397 880 480 920 and
504 891 656 919 arouse
679 877 744 918 his
767 878 952 923 hearers,
976 875 1030 916 D.
1054 875 1106 915 D.
1134 874 1177 915 C.
1205 874 1282 922 IV,
1305 887 1342 924 4.
1369 872 1435 922 6;6
1459 872 1551 913 that
1575 873 1608 912 it'
1633 873 1812 912 wisdom
1836 884 1884 912 or

239 947 466 997 eloquence
490 945 524 986 is
549 951 592 986 to
616 944 667 985 be
691 943 860 996 lacking
883 943 925 982 in
947 942 1019 983 the
1044 941 1260 993 preacher,
1288 940 1340 981 he
1365 939 1516 980 should
1541 939 1592 980 be
1616 939 1718 979 wise
1743 937 1886 978 rather

239 1015 342 1055 than
364 1014 573 1065 eloquent,
595 1012 646 1052 D.
670 1012 721 1051 D.
748 1011 792 1051 C.
817 1011 894 1058 IV,
919 1021 953 1061 5.
975 1019 999 1061 7
1014 1011 1040 1057 ;7
1064 1009 1155 1050 that
1176 1009 1228 1049 he
1252 1007 1404 1048 should
1427 1007 1641 1047 endeavor
1662 1006 1820 1057 always
1843 1013 1886 1045 to

236 1081 287 1122 be
311 1081 423 1121 clear
446 1080 530 1121 and
558 1079 814 1131 intelligible‚
839 1078 892 1118 D.
918 1078 971 1118 D.
999 1077 1045 1118 C.
1072 1076 1149 1126 ΙΨ,
1180 1088 1240 1116 10.
1267 1076 1360 1125 24;Β
1385 1075 1476 1115 that
1501 1075 1553 1115 he
1578 1073 1731 1114 should
1759 1073 1887 1124 speak

327 1156 397 1192 ⁴D.
421 1157 467 1192 D.
492 1155 532 1190 C.
559 1156 626 1198 IV,
650 1166 680 1190 2.
695 1166 735 1198 3:
784 1155 883 1190 Nam
907 1166 989 1189 cum
1013 1165 1077 1196 per
1101 1160 1219 1188 artem
1244 1152 1466 1187 rhetoricam
1492 1157 1526 1186 et
1549 1162 1638 1186 vera
1664 1149 1888 1185 suadeantur

241 1221 277 1250 et
319 1214 425 1256 falsa,
466 1214 548 1256 quis
587 1213 721 1248 audeat
762 1211 894 1253 dicere,
935 1211 1114 1246 adversus
1156 1208 1388 1243 mendacium
1431 1208 1467 1242 in
1508 1206 1770 1242 defensoribus
1813 1205 1888 1240 suis

239 1272 419 1307 inermem
454 1270 585 1305 debere
621 1269 824 1304 consistere
858 1268 1062 1309 veritatem,
1098 1272 1137 1301 ut
1173 1266 1343 1300 videlicet
1378 1265 1430 1299 illi
1465 1265 1526 1306 qui
1563 1276 1620 1298 res
1658 1263 1774 1298 falsas
1809 1274 1890 1304 per-

241 1326 396 1363 suadere
436 1333 629 1366 conantur,
669 1325 841 1360 noverint
882 1323 1089 1358 auditorem
1129 1323 1185 1357 vel
1227 1321 1455 1360 benevolum,
1498 1320 1555 1354 vel
1597 1320 1790 1360 intentum,
1831 1319 1889 1352 vel

244 1383 402 1418 docilem
436 1381 627 1424 prooemio
666 1380 810 1420 facere;
845 1379 905 1413 isti
941 1384 1064 1413 autem
1132 1389 1206 1411 non
1242 1375 1437 1411 noverint?
1496 1375 1548 1409 illi
1586 1374 1682 1409 falsa
1718 1373 1891 1413 breviter,

242 1445 377 1481 aperte,
397 1437 688 1477 verissimiliter3
721 1442 757 1471 et
776 1436 836 1471 isti
857 1446 947 1470 vera
967 1435 1018 1469 sic
1038 1440 1199 1473 narrent,
1220 1439 1261 1467 ut
1280 1431 1409 1467 audire
1430 1431 1586 1471 taedeat,
1602 1430 1806 1472 intelligere
1819 1440 1895 1464 non

238 1502 373 1538 pateat,
409 1495 558 1529 credere
593 1500 781 1536 postremo
815 1504 890 1527 non
926 1491 1060 1526 libeat?
1111 1490 1162 1525 illi
1202 1489 1396 1524 fallacibus
1432 1488 1661 1530 argumentis
1697 1487 1892 1521 veritatem

241 1556 465 1594 oppugnent,
496 1556 665 1585 asserant
697 1548 919 1588 falsitatem;
963 1548 1023 1582 isti
1054 1558 1122 1581 nec
1152 1557 1241 1581 vera
1272 1544 1486 1585 defendere,
1519 1555 1589 1578 neo
1619 1543 1716 1577 falsa
1745 1542 1894 1577 valeant

243 1608 434 1643 refutare?
468 1607 519 1642 illi
541 1607 684 1641 animos
706 1606 934 1641 audientium
955 1605 991 1638 in
1014 1614 1178 1638 errorem
1201 1608 1392 1637 moventes
1414 1602 1715 1643 impellentesque
1739 1599 1894 1634 dicendo

242 1670 416 1703 terreant,
458 1663 690 1703 contristent,
732 1661 951 1701 exhilarent,
994 1659 1238 1695 exhortentur
1279 1658 1471 1697 ardenter;
1516 1657 1575 1692 isti
1618 1667 1684 1698 pro
1726 1656 1892 1695 veritate,

246 1720 335 1755 lenti
364 1718 565 1761 frigidique
591 1717 815 1752 dormitent?
865 1716 959 1758 Quis
986 1716 1036 1750 ita
1062 1714 1229 1756 desipiat,
1255 1721 1294 1748 ut
1321 1714 1390 1748 hoc
1418 1712 1559 1754 sapiat?
1611 1711 1703 1746 Cum
1731 1722 1819 1752 ergo
1848 1709 1894 1744 sit

247 1776 285 1810 in
312 1776 436 1810 medio
464 1775 585 1817 posita
616 1775 775 1809 facultas
805 1772 950 1815 eloquii,
978 1784 1071 1814 quae
1101 1771 1148 1806 ad
1177 1769 1434 1812 persuadenda
1464 1781 1527 1804 seu
1558 1780 1672 1810 prava
1704 1779 1767 1802 seu
1795 1773 1894 1801 recta

246 1833 343 1868 valet
380 1833 598 1874 plurimum:
642 1843 706 1865 cur
740 1841 813 1864 non
846 1829 1029 1864 bonorum
1064 1827 1186 1863 studio
1222 1833 1467 1868 comparatur,
1500 1831 1540 1860 ut
1572 1825 1705 1859 militet
1739 1823 1898 1863 veritati,

248 1889 277 1924 si
307 1899 386 1923 eam
414 1888 501 1923 mali
528 1888 575 1923 ad
603 1886 821 1922 obtinendas
850 1897 1042 1928 perversas
1070 1895 1257 1925 vanasque
1285 1893 1415 1917 causas
1445 1882 1480 1916 in
1510 1892 1598 1916 usus
1627 1880 1831 1921 iniquitatis
1861 1886 1895 1914 et

248 1945 386 1979 erroris
414 1943 617 1985 usurpant?

335 1998 404 2034 ⁵D.
428 1999 474 2033 D.
501 1998 539 2033 C.
568 1998 633 2039 IV,
658 2007 732 2040 34:
772 1997 846 2032 Sed
869 2006 1120 2038 quaecumque
1147 2000 1231 2029 sunt
1257 1993 1302 2028 de
1327 1993 1395 2028 hac
1423 2004 1461 2027 re
1486 1991 1765 2027 observationes
1791 1996 1898 2032 atque

249 2062 454 2098 praecepta,
487 2054 618 2097 quibus
651 2066 734 2088 cum
767 2052 907 2087 accedit
938 2052 974 2086 in
1007 2050 1129 2086 verbis
1162 2050 1331 2092 plurimis
1364 2048 1664 2090 ornamentisque
1698 2046 1896 2081 verborum

245 2111 523 2146 exercitationis
548 2111 696 2153 linguae
725 2109 966 2145 solertissima
992 2107 1232 2143 consuetudo.
1259 2106 1300 2141 fit
1324 2106 1386 2140 illa
1413 2117 1506 2148 quae
1535 2103 1710 2139 facundia
1736 2103 1793 2138 vel
1821 2103 1896 2137 elo-

246 2169 394 2210 quentia
417 2168 650 2208 nominatur;
677 2174 782 2202 extra
806 2167 895 2202 istas
919 2166 1060 2200 litteras
1083 2158 1240 2204 nostras,
1267 2162 1426 2204 seposito
1452 2161 1497 2195 ad
1521 2161 1590 2196 hoc
1615 2170 1780 2201 congruo
1805 2164 1896 2193 tem-

251 2225 352 2267 poris
383 2223 512 2266 spatio,
542 2229 628 2265 apta
658 2229 693 2257 et
723 2221 956 2256 convenienti
984 2226 1104 2255 aetate
1134 2218 1309 2254 discenda
1340 2224 1426 2252 sunt
1455 2217 1507 2252 eis
1537 2217 1598 2258 qui
1628 2216 1701 2250 hoc
1728 2214 1897 2249 celeriter

250 2287 415 2324 possunt.
1000 2270 1004 2275 ’

338 2337 409 2372 ⁰D.
438 2337 484 2371 D.
514 2336 553 2372 C.
584 2336 650 2378 IV,
678 2337 763 2378 46:
817 2334 936 2369 Debet
963 2333 1075 2375 igitur
1106 2331 1315 2367 divinarum
1348 2329 1623 2372 Scripturarum
1652 2333 1834 2362 tractator
1862 2332 1898 2361 et

249 2394 389 2436 doctor,
420 2393 598 2429 defensor
628 2399 748 2427 rectae
777 2391 861 2426 fidei
891 2403 932 2426 ac
961 2389 1164 2425 debellator
1193 2388 1341 2428 erroris,
1373 2393 1407 2421 et
1436 2387 1534 2422 bona
1563 2384 1706 2424 docere,
1737 2391 1772 2419 et
1801 2383 1897 2417 mala

249 2449 448 2490 dedocere;
477 2455 584 2490 atque
610 2448 647 2482 in
672 2448 740 2482 hoc
766 2458 876 2489 opere
902 2445 1082 2481 sermonis
1107 2444 1304 2479 conciliare
1330 2442 1518 2483 adversos,
1545 2440 1719 2476 remissos
1745 2439 1897 2480 erigere,

251 2505 498 2541 nescientibus
519 2504 605 2545 quid
627 2510 767 2545 agatur,
789 2502 877 2543 quid
899 2506 1112 2543 exspectare
1134 2499 1289 2534 debeant
1310 2498 1491 2532 intimare.

335 2559 346 2576 ²
362 2561 431 2595 See
455 2571 548 2602 page
575 2570 602 2601 1,
626 2565 713 2594 note
736 2569 766 2592 2.

337 2615 406 2650 ⁸D.
440 2616 485 2650 D.
521 2615 560 2650 C.
596 2616 662 2656 IV,
698 2625 813 2657 1024:
870 2612 972 2655 Quid
1004 2613 1101 2647 enim
1134 2610 1286 2653 prodest
1319 2609 1518 2644 locutionis
1553 2607 1757 2649 integritas,
1790 2614 1899 2648 quam

252 2683 327 2708 non
356 2672 520 2713 sequitur
551 2671 758 2706 intellectus
789 2670 981 2709 audientis,
1012 2679 1094 2702 cum
1124 2666 1297 2708 loquendi
1328 2665 1480 2701 omnino
1510 2664 1610 2699 nulla
1642 2664 1688 2698 sit
1717 2673 1838 2703 causa,
1869 2660 1899 2696 si

255 2727 354 2770 quod
383 2727 672 2770 loquimurnon
702 2726 920 2767 intelligunt,
951 2731 1101 2766 propter
1131 2734 1223 2764 quos
1254 2729 1294 2756 ut
1324 2720 1531 2762 intelligant
1561 2717 1771 2761 loquimur?
1825 2715 1900 2758 Qui

253 2795 342 2826 ergo
369 2783 486 2824 docet,
513 2784 642 2819 vitabit
667 2783 791 2818 omnia
818 2782 929 2816 verba
955 2792 1047 2822 quae
1074 2791 1148 2815 non
1175 2779 1327 2817 docent3
1356 2784 1390 2813 et
1418 2777 1446 2812 si
1474 2787 1540 2818 pro
1568 2776 1620 2810 eis
1647 2775 1718 2809 alia
1744 2774 1898 2815 integra,

252 2851 346 2882 quae
373 2839 638 2881 intelligantur,
663 2844 786 2880 potest
813 2837 944 2877 dicere,
973 2836 1010 2871 id
1036 2836 1157 2877 magis
1184 2833 1313 2876 eliget:
1355 2832 1384 2867 si
1412 2837 1535 2867 autem
1562 2842 1637 2865 non
1665 2834 1796 2871 potest,
1826 2827 1902 2862 sive

256 2895 341 2937 quia
371 2906 446 2930 non
479 2901 571 2936 sunt,
606 2895 682 2931 sive
711 2895 797 2936 quia
828 2895 864 2928 in
895 2893 1103 2936 praesentia
1133 2903 1208 2927 non
1239 2895 1448 2931 occurrunt,
1481 2894 1604 2922 utetur
1637 2887 1747 2921 etiam
1780 2884 1902 2920 verbis

255 2951 376 2987 minus
395 2951 560 2992 integris,
579 2950 667 2984 dum
686 2956 809 2986 tamen
831 2961 889 2984 res
910 2949 987 2991 ipsa
1007 2947 1183 2983 doceatur
1202 2953 1311 2987 atque
1329 2945 1492 2980 discatur
1512 2944 1665 2984 integre.
