2276 3519
377 281 432 320 44
471 270 662 310 CICERo's
691 283 954 311 INFLUENCE
982 283 1103 311 UPON
1132 272 1430 312 AUGUSTINE’S
1457 283 1728 311 ORATochL
1754 282 1934 311 THEORY

641 403 793 445 obtulit
815 404 1000 445 haedum
1022 417 1259 456 caprarum,

643 472 762 513 cuius
786 485 956 512 carnem
981 473 1215 512 secundum
1237 480 1512 524 praeceptum
1535 473 1686 525 angeli,

641 546 681 579 et
702 553 850 591 azyma
873 552 1001 591 supra
1023 546 1187 591 petram
1208 539 1363 591 posuit,

642 613 682 648 et
706 621 755 647 eo
780 606 871 648 iure
894 607 1110 658 perfudit:

644 688 752 726 quae
771 675 896 715 simul
915 682 961 715 ut
978 675 1125 727 virgae
1144 675 1375 723 cacumine,
1397 688 1524 727 quam
1543 675 1728 728 gerebat,

644 742 820 794 angelus
848 742 927 782 Dei
955 742 1145 794 contigit,

643 809 696 850 de
714 816 834 860 petra
855 809 963 862 ignis
983 810 1135 861 erupit,

641 884 767 928 atque
793 879 851 918 ita
878 877 1133 918 sacrificium
1160 878 1274 928 quod
1300 877 1563 918 offerebatur

645 945 917 996 absumptum
941 952 1014 984 est.

643 1012 683 1051 A
704 1012 851 1062 period
873 1011 920 1052 of
944 1012 1094 1054 twelve
1114 1011 1316 1052 membra.

541 1078 578 1119 b.
639 1078 732 1119 The
756 1079 859 1118 rock
882 1093 906 1119 a
927 1085 1025 1131 type
1048 1079 1095 1119 of
1120 1078 1275 1119 Christ.

643 1145 742 1197 Quo
767 1144 922 1186 indicio
947 1146 1209 1186 declaratum
1230 1146 1413 1194 videtur,

641 1214 755 1264 quod
776 1220 898 1265 petra
919 1212 988 1254 illa
1011 1219 1159 1264 typum
1180 1212 1375 1254 habuerit
1399 1213 1589 1264 corporis
1613 1211 1796 1261 Christi;

644 1280 744 1332 quia
766 1281 971 1332 scriptum
993 1288 1068 1328 est,

643 1348 867 1389 “bibebant
893 1349 943 1390 de
967 1348 1240 1398 consequenti
1266 1354 1398 1398 petra,

639 1422 760 1467 petra
783 1421 927 1456 autem
949 1421 1040 1456 erat
1063 1413 1300 1456 Christus.''

643 1482 773 1534 Quod
794 1482 940 1534 utique
962 1497 1046 1524 non
1068 1483 1122 1523 ad
1145 1481 1411 1523 divinitatem
1433 1482 1535 1531 eius,

642 1551 716 1591 sed
737 1551 792 1591 ad
813 1563 985 1591 carnem
1006 1551 1187 1591 relatum
1207 1557 1283 1599 est,

644 1632 751 1670 quae
781 1618 1013 1658 sitientium
1043 1618 1173 1658 corda
1202 1618 1458 1670 populorum
1485 1618 1660 1669 perenni
1691 1617 1784 1658 rivo

641 1686 706 1727 sui
731 1684 948 1738 sanguinis
973 1683 1208 1726 inundavit.

642 1753 684 1793 A
706 1754 855 1805 period
878 1753 926 1793 of
951 1753 1049 1794 nine
1071 1753 1273 1794 membra.

542 1834 576 1861 c.
637 1821 730 1861 The
754 1819 994 1873 abolishing
1016 1820 1063 1861 of
1087 1821 1158 1861 the
1183 1821 1270 1861 sins
1294 1820 1341 1861 of
1365 1820 1435 1861 the
1459 1820 1608 1861 world.

643 1889 734 1928 Iam
757 1895 858 1928 tunc
881 1888 1011 1940 igitur
1032 1886 1075 1927 in
1097 1888 1300 1939 mysterio
1324 1886 1585 1928 declaratum
1609 1893 1684 1934 est,

640 1955 739 2007 quia
764 1954 975 1995 Dominus
998 1955 1123 2008 J-esus
1147 1955 1190 1994 in
1213 1967 1340 1995 carne
1364 1968 1452 2003 sua,

640 2024 770 2064 totius
795 2022 944 2062 mundi
969 2028 1141 2073 peccata
1167 2020 1397 2062 crucifixus
1423 2021 1622 2069 aboleret,

640 2104 718 2131 nec
741 2092 880 2131 solum
901 2089 1054 2130 delicta
1076 2090 1304 2138 factorum,

645 2158 719 2199 sed
741 2158 871 2198 etiam
893 2157 1147 2209 cupiditates
1170 2155 1423 2198 animorum.

647 2226 688 2266 A
708 2225 858 2278 period
879 2227 926 2266 of
948 2225 1029 2265 five
1050 2225 1252 2265 membra.

546 2293 585 2334 d.
646 2293 980 2345 Interpretation
1002 2291 1052 2334 of
1077 2293 1150 2333 the
1174 2290 1403 2344 preceding
1428 2289 1623 2332 division.

648 2361 760 2403 Caro
781 2362 893 2401 enim
912 2361 1037 2401 haedi
1057 2360 1112 2401 ad
1131 2360 1300 2411 culpam
1322 2360 1425 2400 facti
1447 2360 1656 2407 refertur;

645 2428 710 2469 ius
732 2428 786 2469 ad
807 2428 1025 2469 illecebras
1047 2426 1341 2479 cupiditatum,

643 2497 752 2537 sicut
777 2496 984 2547 scriptum
1007 2503 1084 2544 est,

647 2565 773 2615 “quia
796 2564 1037 2616 concupivit
1062 2563 1246 2615 populus
1268 2562 1543 2614 cupiditatem
1567 2562 1807 2613 pessimam,

646 2638 687 2672 et
706 2631 920 2678 dixerunt,

644 2700 738 2750 quis
762 2712 846 2740 non
871 2698 1024 2739 cibabit
1048 2712 1174 2739 carne
1186 2697 1229 2738 ?”

645 2765 686 2805 A
706 2765 854 2817 period
873 2765 922 2806 of
945 2764 1011 2806 six
1031 2764 1233 2805 membra.

544 2847 581 2874 e.
640 2833 733 2873 The
758 2832 864 2874 flesh
882 2832 931 2872 of
953 2832 1025 2873 the
1049 2832 1216 2872 Master
1239 2829 1324 2872 will
1348 2830 1521 2883 destroy
1545 2830 1623 2871 sin.

648 2899 778 2951 Quod
801 2899 930 2952 igitur
953 2899 1146 2941 extendit
1168 2898 1342 2951 angelus
1364 2898 1543 2951 virgam,
