2276 3519
299 327 353 367 34
390 316 582 357 CICERO'S
607 328 871 357 INFLUENCE
898 328 1021 357 UPON
1049 316 1348 358 AUGUSTINE’S
1375 328 1647 358 ORATORICAL
1673 328 1854 357 THEORY

564 463 601 503 3.
662 450 748 490 Ter
767 450 899 502 virgis
920 463 1069 490 caesus
1091 464 1197 498 sum,

564 519 694 559 semel
719 517 932 569 lapidatus
959 529 1066 566 sum,

562 592 626 626 ter
648 583 929 637 naufragium
953 585 1059 625 feci:

563 659 686 693 nocte
707 659 747 693 et
769 653 837 693 die
858 653 900 693 in
921 652 1143 704 profundo
1162 651 1293 694 maris
1316 651 1406 702 fui;

561 720 603 760 A
623 720 773 772 period
793 720 842 761 of
867 720 968 761 four
987 720 1191 761 membra.
1244 720 1463 762 Gradatio.

563 800 601 838 4.
662 786 704 827 in
731 788 953 829 itineribus
981 802 1118 840 saepe,

559 855 759 908 periculis
791 853 1028 904 fluminum,

563 922 762 974 periculis
792 923 1020 971 latronum,

561 989 760 1042 periculis
792 1005 845 1031 ex
875 1005 1042 1043 genere,

559 1057 758 1110 periculis
818 1072 872 1098 ex
902 1058 1111 1111 gentibus,

562 1127 760 1177 periculis
792 1127 836 1166 in
865 1126 1048 1174 civitate,

562 1193 762 1245 periculis
794 1194 835 1233 in
867 1194 1048 1242 deserto,

562 1260 761 1313 periculis
793 1261 835 1301 in
865 1261 986 1309 mari,

560 1328 761 1381 periculis
793 1328 835 1368 in
868 1328 988 1369 falsis
1021 1328 1250 1376 fratribus;

562 1397 605 1436 in
636 1396 779 1437 labore
803 1402 843 1436 et
865 1409 1082 1444 aerumna,

563 1465 606 1504 in
635 1463 790 1517 vigiliis
815 1463 996 1515 saepius,

562 1532 604 1571 in
637 1532 752 1572 farne
775 1539 815 1572 et
839 1530 920 1580 siti,

562 1601 605 1640 in
635 1600 803 1640 ieiuniis
825 1600 1006 1651 saepius,

560 1668 602 1706 in
634 1667 795 1719 frigore
820 1674 861 1707 et
885 1666 1101 1714 nuditate;

561 1734 602 1773 A
620 1734 768 1785 period
787 1734 836 1774 of
860 1734 1058 1774 fourteen
1077 1747 1211 1774 caesa.

463 1817 496 1843 c.
556 1802 596 1841 A
622 1802 817 1855 graceful
847 1803 1030 1850 descent‚
1059 1800 1332 1853 pathetically
1359 1800 1610 1852 portraying
1635 1799 1707 1840 the
1733 1797 1950 1850 Apostle’s

630 1868 875 1921 sufferings.

568 1949 601 1976 Ι.
660 1943 830 1988 praeter
859 1936 931 1976 illa
959 1948 1067 1987 quae
1097 1935 1364 1975 extrinsecus
1395 1940 1505 1982 sunt,

563 2004 760 2043 incursus
784 2003 827 2043 in
849 2017 916 2043 me
939 2002 1225 2054 quotidianus,

563 2070 803 2112 sollicitudo
823 2070 1016 2110 omnium
1040 2069 1340 2109 Ecclesiarum.

561 2138 603 2177 A
626 2137 775 2190 period
798 2137 848 2178 of
873 2137 993 2178 three
1015 2136 1218 2177 membra.
1274 2133 1493 2176 Gradatio.

559 2218 597 2247 2.
657 2205 768 2257 Quis
791 2205 1045 2254 infirmatur,

560 2280 601 2314 et
621 2287 700 2327 ego
718 2288 805 2314 non
823 2271 1048 2313 infirmor?

560 2342 654 2393 quis
679 2341 1003 2389 scandalizatur,

561 2417 602 2450 et
623 2424 704 2462 ego
728 2423 815 2450 non
839 2408 970 2448 uror?

560 2477 601 2516 A
620 2476 769 2529 period
786 2476 836 2517 of
859 2475 961 2517 four
978 2474 1180 2515 membra.

561 2557 597 2597 3.
659 2545 705 2586 Si
727 2543 901 2596 gloriari
922 2549 1104 2595 oportet,

560 2613 602 2652 in
628 2613 679 2653 iis
705 2625 813 2663 quae
839 2609 1098 2651 infirmitatis
1126 2623 1244 2650 meae
1273 2614 1384 2657 sunt,

558 2679 785 2733 gloriabor.

560 2747 602 2787 A
621 2747 771 2799 period
790 2746 840 2787 of
862 2747 982 2787 three
1002 2745 1204 2786 membra.
1257 2742 1527 2784 Conclusion.

382 2815 432 2856 In
453 2815 524 2856 the
545 2815 679 2856 above
701 2815 917 2866 examples
940 2814 1058 2854 there
1080 2826 1152 2853 are
1174 2811 1293 2852 three
1315 2809 1484 2862 periods
1507 2809 1740 2861 consisting
1762 2807 1809 2849 of
1833 2805 1942 2853 nine,

301 2884 412 2931 four,
440 2883 525 2924 and
554 2883 751 2923 fourteen
780 2895 903 2922 caesa
934 2879 1234 2932 respectively;
1264 2892 1343 2919 one
1373 2876 1521 2929 period
1550 2876 1597 2917 of
1626 2881 1711 2916 two
1740 2874 1942 2922 membra,

300 2957 385 2991 two
403 2950 449 2991 of
468 2951 597 2997 three,
618 2950 701 2990 and
720 2957 803 2989 two
823 2949 869 2989 of
889 2949 999 2988 four.
1048 2947 1188 2987 There
1208 2959 1292 2993 are,
1312 2945 1413 2992 also,
1435 2944 1535 2984 four
1551 2942 1838 2995 gradationes,
1858 2948 1944 2982 two

296 3019 336 3058 in
363 3018 434 3058 the
459 3031 592 3064 caesa,
620 3017 704 3057 and
731 3024 814 3057 two
841 3017 881 3055 in
908 3016 977 3056 the
1004 3014 1205 3055 membra.
1247 3011 1443 3052 Division
1468 3010 1507 3060 b,
1540 3022 1572 3058 1,
1600 3009 1634 3050 is
1661 3009 1942 3060 conspicuous
