2276 3519
280 282 307 322 6
373 283 564 323 C1cERo's
592 296 855 324 INFLUENCE
882 297 1005 325 UPoN
1033 287 1332 327 AucusriNE’s
1358 299 1630 329 ORATORICAL
1657 301 1837 329 THEORY

281 417 383 458 both
406 417 560 470 clearly
583 419 667 459 and
689 420 942 471 eloquently‚
965 420 1017 461 D.
1042 420 1095 461 D.
1122 420 1166 462 C.
1192 421 1268 470 IV,
1296 433 1355 463 11.
1380 421 1433 462 26
1447 424 1475 472 ;⁹
1499 423 1589 464 that
1612 424 1682 465 the
1704 424 1859 477 beauty
1881 425 1930 466 of

283 482 348 525 his
373 486 527 536 speech
556 485 707 526 should
734 485 783 526 be
811 485 851 524 in
879 486 1088 538 harmony
1115 487 1218 526 with
1246 487 1310 528 his
1339 488 1505 540 subject
1530 497 1699 540 matter,
1728 492 1812 532 and
1838 492 1931 532 that

282 551 334 592 he
361 552 512 592 should
540 567 644 604 vary
670 553 734 593 his
761 555 867 604 style
893 556 1145 606 constantly,
1171 555 1222 595 D.
1252 556 1306 597 D.
1336 555 1380 597 C.
1410 557 1486 605 IV,
1515 569 1579 598 22.
1609 568 1655 609 51
1674 560 1720 607 βο
1749 559 1840 600 that
1867 559 1931 600 his

283 618 359 659 life
379 620 530 659 should
551 620 599 660 be
619 620 660 659 in
680 619 889 671 harmony
907 621 1009 660 with
1029 621 1093 662 his
1113 622 1343 675 teachings,
1362 623 1413 663 D.
1435 624 1488 664 D.
1513 623 1555 664 C.
1580 625 1657 673 IV,
1677 635 1740 676 27.
1765 628 1933 678 5991-

283 685 337 725 all
359 684 441 726 this
465 685 605 726 shows
627 686 718 726 that
740 686 793 726 he
814 686 898 727 had
921 686 962 727 in
985 688 1103 728 mind
1125 702 1149 728 a
1171 702 1274 740 very
1297 689 1397 742 high
1420 690 1542 739 ideal,
1567 705 1672 732 even
1695 692 1858 745 though
1880 693 1933 734 he

283 753 355 793 did
382 758 456 792 not
484 753 605 793 deem
632 753 663 794 it
689 768 915 807 necessary
941 762 986 796 to
1011 756 1188 808 develop
1216 758 1247 797 it
1274 771 1320 797 as
1346 757 1618 811 thoroughly,
1645 772 1696 799 or
1723 767 1766 800 to
1794 760 1932 801 elabo-

283 827 374 861 rate
398 833 513 872 upon
539 821 569 861 it
595 835 640 862 as
667 821 875 875 elegantly
902 837 947 864 as
975 823 1126 864 Cicero
1153 825 1225 865 did
1250 838 1364 877 upon
1391 825 1455 866 his
1482 826 1591 866 ideal
1616 834 1773 868 orator.
1830 829 1871 868 It
1894 828 1931 869 is

281 888 352 929 the
373 901 559 940 purpose
578 890 626 929 of
648 889 730 931 this
754 890 939 942 chapter,
962 891 1076 940 then,
1099 898 1143 932 to
1163 891 1282 944 point
1305 900 1378 934 out
1399 894 1472 933 the
1493 895 1691 935 essential
1714 896 1930 944 elements,

283 956 325 995 in
355 956 527 1005 outline,
557 958 603 997 ot'
632 958 910 1010 Augustine's
941 959 1051 999 ideal
1079 966 1236 1009 orator,
1268 961 1352 1001 and
1382 969 1424 1001 to
1454 975 1654 1014 compare
1683 963 1798 1003 them
1828 964 1932 1004 with

281 1023 403 1065 those
431 1023 482 1064 of
515 1023 678 1075 Cicero,
710 1032 755 1066 to
784 1027 1006 1075 ascertain,
1038 1027 1074 1066 if
1105 1042 1168 1068 we
1197 1042 1309 1080 may,
1341 1029 1383 1068 in
1413 1027 1501 1080 just
1533 1029 1647 1070 what
1677 1029 1930 1081 particulars

280 1090 380 1143 they
401 1105 549 1144 agree;
571 1093 654 1133 and
675 1092 765 1134 also
785 1100 828 1134 to
851 1093 970 1135 show
990 1094 1081 1135 that
1102 1095 1173 1134 the
1194 1096 1303 1136 ideal
1324 1104 1470 1137 orator
1493 1097 1535 1136 in
1557 1096 1627 1137 the
1648 1098 1766 1139 mind
1789 1098 1837 1139 of
1860 1098 1930 1139 the

370 1200 440 1237 ⁹D.
469 1203 515 1238 D.
545 1203 584 1238 C.
615 1204 680 1245 IV,
712 1205 837 1240 11.26:
891 1205 1053 1240 Prorsus
1081 1206 1171 1240 haec
1200 1212 1254 1241 est
1282 1207 1319 1240 in
1349 1206 1516 1242 docendo
1545 1208 1764 1251 eloquentia,
1791 1221 1862 1251 qua
1890 1209 1932 1244 fit

277 1259 443 1299 dicendo,
481 1271 555 1295 non
594 1267 633 1295 ut
669 1261 781 1295 libeat
816 1262 915 1303 quod
952 1262 1138 1303 horrebat,
1177 1268 1239 1297 aut
1276 1270 1316 1298 ut
1354 1263 1419 1298 fiat
1456 1263 1556 1306 quod
1593 1264 1749 1307 pigebat,
1789 1266 1853 1301 sed
1890 1271 1930 1300 ut

275 1322 451 1357 appareat
484 1316 582 1358 quod
613 1317 758 1351 latebat.
817 1317 929 1359 Quod
962 1324 1085 1353 tamen
1121 1319 1150 1353 si
1183 1318 1247 1353 fiat
1280 1319 1495 1362 insuaviter,
1530 1321 1575 1355 ad
1609 1332 1748 1362 paucos
1781 1320 1928 1364 quidem

280 1371 573 1407 studiosissimos
599 1385 685 1408 suus
709 1374 876 1415 pervenit
902 1374 1057 1416 fructus,
1082 1375 1142 1417 qui
1168 1387 1209 1409 ea
1234 1387 1326 1417 quae
1352 1375 1527 1411 discenda
1553 1383 1647 1418 sunt,
1672 1377 1841 1419 quamvis
1865 1377 1928 1412 ab—

277 1427 371 1469 jecte
403 1429 609 1471 inculteque
641 1430 819 1472 dicantur,
853 1431 945 1466 scire
977 1431 1198 1467 desiderant.
1254 1432 1364 1473 Quod
1396 1444 1478 1466 cum
1509 1433 1632 1475 adepti
1665 1434 1816 1476 fuerint,
1847 1434 1927 1476 ipsa

278 1484 543 1520 delectabiliter
579 1486 734 1521 veritate
770 1494 991 1528 pascuntur:
1030 1487 1286 1530 bonorumque
1321 1489 1555 1530 ingeniorum
1592 1490 1747 1532 insignis
1781 1496 1836 1524 est
1872 1490 1926 1524 in-

273 1541 386 1584 doles,
415 1541 451 1575 in
478 1542 600 1577 verbis
627 1554 755 1577 verum
784 1555 919 1585 amare,
948 1556 1023 1578 non
1051 1544 1173 1579 verba.
1226 1544 1327 1587 Quid
1355 1545 1452 1579 enirn
1480 1545 1632 1588 prodest
1660 1546 1774 1581 clavis
1802 1558 1926 1588 aurae,

278 1598 307 1632 si
337 1598 478 1640 aperire
508 1599 604 1640 quod
634 1601 805 1635 volumus
834 1612 908 1635 non
937 1602 1081 1642 potest?
1111 1601 1189 1635 Aut
1216 1601 1303 1642 quid
1332 1601 1436 1637 obest
1464 1602 1597 1644 lignea,
1626 1602 1656 1637 si
1684 1603 1753 1637 hoc
1782 1603 1927 1644 potest?

273 1654 422 1696 quando
452 1653 543 1688 nihil
574 1654 785 1697 quaerimus
817 1656 889 1690 nisi
918 1662 1045 1698 patere
1074 1656 1175 1699 quod
1204 1657 1369 1691 clausum
1402 1664 1465 1691 est.
1521 1657 1595 1692 Sed
1626 1658 1800 1700 quoniam
1833 1658 1928 1692 inter

274 1721 312 1744 se
334 1710 470 1745 habent
493 1712 710 1745 nonnullam
733 1712 1012 1747 similitudinem
1036 1719 1226 1748 vescentes
1250 1720 1359 1756 atque
1383 1713 1575 1756 discentes,
1600 1720 1750 1756 propter
1776 1714 1928 1749 fastidia

272 1767 528 1809 plurimorum,
567 1768 678 1803 etiam
716 1768 796 1810 ipsa
834 1770 911 1804 sine
949 1769 1082 1812 quibus
1120 1770 1195 1805 vivi
1222 1781 1296 1805 non
1334 1777 1467 1812 potest,
1505 1771 1681 1806 alimenta
1719 1771 1926 1806 condienda

275 1829 370 1859 sunt.

364 1888 388 1904 ¹⁰
401 1890 447 1924 D.
472 1890 517 1924 D.
544 1889 582 1924 C.
610 1891 675 1929 IV,
700 1902 753 1926 22.
769 1900 830 1932 51:
882 1892 960 1926 Nec
985 1892 1178 1934 quisquam
1205 1900 1351 1934 praeter
1377 1892 1609 1935 disciplinam
1635 1905 1714 1928 esse
1739 1893 1926 1928 existimet

275 1945 326 1980 ita
357 1946 533 1981 miscere:
581 1947 655 1982 imo
688 1954 869 1989 quantum
901 1960 1063 1991 congrue
1097 1948 1176 1983 fieri
1210 1955 1342 1991 potest,
1378 1949 1549 1984 omnibus
1583 1949 1779 1992 generibus
1815 1949 1928 1985 dictio

274 2003 453 2038 varianda
481 2008 545 2039 est.
598 2004 696 2038 Nam
725 2005 872 2045 quando
902 2006 1047 2047 prolixa
1077 2013 1131 2040 est
1160 2006 1196 2040 in
1225 2017 1300 2041 uno
1328 2018 1473 2048 genere,
1502 2007 1624 2042 minus
1653 2007 1792 2042 detinet
1820 2006 1924 2042 audi-

276 2064 406 2093 torem.
434 2058 527 2093 Cum
551 2071 640 2094 vero
665 2060 707 2094 fit
731 2061 766 2093 in
792 2061 892 2094 aliud
917 2060 961 2095 ab
987 2061 1059 2095 alio
1084 2061 1273 2102 transitus,
1299 2062 1443 2096 etiarnsi
1468 2061 1616 2104 longius
1641 2069 1710 2103 eat,
1736 2062 1926 2096 decentius

276 2114 441 2157 procedit
484 2116 624 2151 oratio:
665 2117 834 2157 quamvis
874 2117 1032 2152 habeant
1075 2124 1110 2152 et
1154 2118 1298 2159 singula
1341 2129 1478 2160 genera
1519 2119 1717 2153 varietates
1761 2129 1845 2153 suas
1887 2118 1924 2152 in

276 2182 445 2206 sermone
476 2172 734 2215 eloquentium,
763 2173 893 2214 quibus
920 2184 995 2207 non
1025 2174 1196 2208 sinuntur
1225 2174 1261 2207 in
1292 2185 1419 2209 eorum
1447 2174 1508 2215 qui
1537 2174 1692 2209 audiunt
1723 2173 1925 2215 frigescere

277 2227 335 2261 vel
360 2234 545 2268 tepescere
572 2228 748 2262 sensibus.
796 2229 1064 2263 Verumtamen
1094 2228 1240 2264 facilius
1266 2229 1489 2264 submissum
1516 2230 1646 2271 solum,
1671 2241 1780 2272 quam
1807 2230 1927 2264 solum

280 2283 420 2325 grande
464 2284 603 2319 diutius
645 2285 796 2319 tolerari
840 2292 970 2327 potest.
1039 2285 1253 2321 Commotio
1293 2286 1425 2328 quippe
1470 2286 1583 2320 animi
1627 2293 1767 2328 quanto
1808 2286 1927 2328 magis

278 2340 477 2375 excitanda
517 2347 580 2381 est,
620 2347 663 2376 ut
703 2341 810 2376 nobis
851 2342 1080 2377 assentiatur*
1106 2342 1256 2377 auditor
1287 2348 1392 2377 tanto
1422 2342 1544 2378 minus
1576 2343 1612 2378 in
1644 2354 1687 2377 ea
1718 2342 1782 2377 diu
1811 2342 1929 2377 teneri

280 2403 412 2440 potest,
444 2409 527 2431 cum
563 2398 677 2432 fuerit
708 2405 886 2440 quantum
920 2399 1009 2433 satis
1042 2407 1095 2435 est
1128 2400 1296 2434 excitata.
1353 2400 1399 2434 Et
1433 2400 1515 2434 ideo
1547 2400 1752 2434 cavendum
1785 2405 1849 2440 est,
1881 2410 1928 2434 ne

279 2453 366 2487 dum
405 2454 576 2489 volumus
614 2455 725 2490 altius
763 2456 905 2497 erigere
943 2456 1041 2497 quod
1081 2463 1243 2491 erectum
1283 2463 1348 2497 est,
1387 2457 1497 2490 etiam
1538 2457 1624 2491 inde
1660 2455 1814 2498 decidat,
1855 2466 1927 2497 quo

284 2509 409 2544 fuerat
445 2510 668 2545 excitatione
706 2511 934 2552 perductum.
998 2512 1231 2553 Interpositis
1269 2524 1359 2547 vero
1395 2523 1488 2554 quae
1528 2518 1612 2547 sunt
1649 2511 1805 2546 dicenda
1844 2510 1928 2546 sub-

280 2565 440 2607 missius,
464 2566 555 2601 bene
579 2567 721 2601 reditur
743 2567 789 2602 ad
814 2579 855 2602 ea
878 2579 971 2610 quae
995 2580 1087 2610 opus
1111 2575 1165 2603 est
1189 2568 1380 2610 granditer
1405 2568 1485 2609 dici,
1510 2574 1551 2602 ut
1574 2567 1745 2603 dictionis
1769 2567 1929 2609 impetus

283 2622 375 2658 sicut
396 2623 509 2658 maris
531 2629 654 2658 aestus
675 2624 841 2659 alternet.
886 2625 945 2658 Ex
967 2637 1039 2667 quo
1060 2625 1101 2660 fit
1121 2631 1160 2659 ut
1182 2625 1322 2667 grande
1344 2624 1489 2659 dicendi
1511 2636 1638 2666 genus,
1662 2625 1691 2659 si
1713 2624 1852 2659 diutius
1873 2629 1930 2659 est

281 2679 485 2720 dicendum,
530 2692 603 2714 non
649 2681 779 2716 debeat
822 2692 901 2716 esse
944 2682 1073 2723 solum,
1119 2681 1181 2716 sed
1224 2683 1382 2717 aliorum
1425 2692 1602 2723 generum
1644 2681 1930 2723 interpositione

278 2735 464 2776 varietur;
502 2735 533 2769 ei
559 2742 682 2770 tamen
707 2747 840 2778 genere
866 2737 979 2772 dictio
1002 2743 1081 2772 tota
1106 2737 1291 2779 tribuitur,
1316 2737 1425 2779 cujus
1450 2736 1556 2779 copia
1580 2736 1838 2779 praevaluerit.

366 2800 391 2817 ²²
404 2800 449 2836 D.
469 2802 514 2836 D.
535 2801 574 2837 C.
596 2803 660 2844 IV,
680 2812 733 2845 27.
755 2812 815 2845 59:
849 2804 972 2839 Habet
994 2809 1117 2839 autem
1137 2811 1176 2839 ut
1197 2804 1412 2839 obedienter
1431 2804 1615 2845 audiatur,
1635 2809 1931 2846 quantacumque

279 2858 490 2899 granditate
530 2859 701 2894 dictionis
741 2861 861 2901 majus
903 2861 1045 2902 pondus
1086 2862 1160 2896 vita
1201 2861 1365 2896 dicentis.
1431 2861 1528 2894 Nam
1568 2861 1628 2901 qui
1670 2860 1854 2902 sapienter
1895 2866 1929 2894 et

284 2914 498 2956 eloquenter
516 2915 613 2953 dicit,
632 2915 722 2949 vivit
742 2922 863 2950 autem
883 2916 1061 2958 nequiter,
1081 2917 1201 2951 erudit
1221 2917 1367 2958 quidem
1387 2917 1524 2950 multos
1544 2916 1708 2950 discendi
1731 2916 1928 2957 studiosos,

279 2970 447 3012 quamvis
469 2970 633 3005 “animae
656 2983 741 3006 suae
764 2972 809 3006 sit
830 2972 1003 3007 inutilis.”
1042 2972 1200 3013 (Eccles.
1223 2973 1426 3013 XXXVII,
1449 2972 1528 3014 22),
1552 2972 1644 3007 sicut
1666 2972 1841 3013 scriptum
1865 2976 1928 3005 est.
