2276 3519
506 206 804 248 AUGUSTINE'S
833 218 962 246 IDEAL
991 219 1356 248 ECCLESIASTICAL
1385 219 1552 249 ORATOR
1806 223 1852 263 13

209 349 387 396 quenter
414 350 460 383 ut
488 342 623 394 prosit
651 342 933 390 audientibus,
964 342 1128 382 etiamsi
1160 343 1300 383 minus
1331 357 1457 395 quam
1486 344 1719 395 prodesset,
1750 345 1784 386 si
1813 352 1854 386 et

209 412 455 462 eloquenter
474 417 617 461 posset
638 410 789 449 dicere.
840 409 927 461 Qui
949 423 1049 449 vero
1071 409 1203 449 affluit
1225 410 1437 461 insipienti
1461 412 1712 462 eloquentia,
1735 419 1854 453 tanto

208 478 344 530 magis
374 477 589 517 cavendus
620 484 694 524 est,
726 483 885 528 quanto
914 476 1049 528 magis
1078 476 1130 516 ab
1160 490 1209 517 eo
1239 478 1280 516 in
1312 478 1361 517 iis
1391 491 1499 529 quae
1528 477 1676 519 audire
1706 479 1853 519 inutile

209 552 284 592 est,
313 544 550 584 delectatur
576 544 758 591 auditor,
787 550 826 583 et
856 556 952 583 cum
982 543 1183 594 quoniam
1212 544 1368 584 diserte
1397 544 1537 584 dicere
1565 545 1697 593 audit,
1727 547 1854 586 etiam

206 625 306 651 vere
323 611 463 651 dicere
482 611 711 650 existimat.
759 611 879 650 Haec
897 617 1040 650 autem
1057 611 1265 650 sententia
1282 623 1359 650 nec
1378 611 1470 651 illos
1491 612 1612 663 fugit,
1632 612 1702 663 qui
1721 619 1856 653 artem

208 677 466 718 rhetoricam
500 677 737 717 docendam
773 682 1001 728 putarunt:
1056 677 1160 717 fassi
1196 684 1294 717 sunt
1330 677 1442 717 enim
1479 677 1729 729 sapientiam
1768 681 1857 719 sine

209 744 450 796 eloquentia
477 756 628 795 parum
656 743 860 794 prodesse
889 742 1154 792 civitatibus;
1183 744 1469 794 eloquentiam
1495 758 1599 786 vero
1627 744 1717 786 sine
1746 744 1855 797 sapi-

209 812 323 853 entia
354 812 532 852 nimium
561 811 710 851 obesse
740 810 1003 862 plerumque,
1034 810 1237 862 prodesse
1269 825 1499 862 nunquam.
1563 812 1607 853 Si
1640 827 1743 865 ergo
1774 814 1854 854 hoc

209 879 267 919 illi
293 879 363 929 qui
389 884 613 929 praecepta
639 878 903 928 eloquentiae
929 877 1211 926 tradiderunt,
1237 878 1278 918 in
1305 878 1464 918 eisdem
1492 878 1607 919 libris
1635 879 1676 919 in
1704 880 1856 931 quibus

210 945 251 986 id
279 951 468 998 egerunt,
496 944 674 985 veritate
703 944 931 996 instigante
959 945 1095 984 coacti
1123 950 1221 984 sunt
1249 944 1454 993 confiteri,
1483 959 1642 995 veram,
1671 946 1751 987 hoc
1780 953 1856 996 est,

209 1026 436 1064 supernam
465 1025 573 1063 quae
602 1026 625 1053 a
658 1012 785 1053 Patre
814 1012 1023 1053 luminum
1054 1012 1284 1059 descendit,
1317 1012 1568 1064 sapientiam
1599 1014 1856 1064 nescientes3

208 1085 369 1130 quanto
395 1079 531 1131 magis
563 1093 639 1119 nos
671 1092 755 1119 non
785 1079 901 1119 aliud
932 1079 1088 1120 sentire
1119 1079 1334 1128 debemus,
1364 1080 1436 1130 qui
1468 1078 1592 1121 huius
1625 1080 1856 1132 sapientiae

210 1147 283 1187 filii
302 1154 342 1187 et
360 1145 543 1187 ministri
564 1146 738 1187 sumus?
792 1146 866 1198 (D.
888 1147 942 1186 D.
965 1146 1008 1186 C.
1032 1146 1109 1195 IV,
1132 1157 1167 1198 5.
1187 1147 1248 1199 7.)

292 1223 405 1264 That
440 1223 525 1265 this
563 1222 825 1274 conception,
862 1223 1025 1276 though
1062 1238 1086 1264 a
1121 1225 1289 1265 natural
1324 1237 1419 1273 one,
1457 1223 1490 1266 is
1530 1225 1704 1266 derived
1742 1225 1859 1266 from

209 1290 373 1339 Cicero,
409 1304 474 1330 we
507 1290 715 1331 conclude
746 1305 802 1331 on
837 1291 1087 1343 comparing
1122 1291 1154 1331 it
1187 1291 1291 1331 with
1325 1292 1396 1332 the
1431 1292 1674 1344 following:
1738 1293 1860 1333 Haec

210 1364 354 1398 autem
380 1358 530 1406 oratio,
560 1358 594 1398 si
622 1371 689 1398 res
717 1372 802 1398 non
832 1358 976 1398 subest
1002 1358 1054 1398 ab
1082 1365 1253 1399 oratore
1279 1366 1477 1410 percepta
1507 1366 1546 1400 et
1576 1359 1757 1412 cognita,
1787 1367 1859 1400 aut

207 1425 323 1466 nulla
350 1426 403 1466 sit
428 1439 598 1466 necesse
624 1433 687 1466 est
711 1433 784 1466 aut
808 1427 1000 1466 omnium
1024 1427 1220 1467 irrisione
1247 1426 1457 1467 laudatur.
1514 1426 1631 1478 Quid
1658 1434 1721 1469 est
1747 1427 1859 1468 enirn

211 1499 298 1533 tam
321 1493 545 1541 furiosum,
569 1506 696 1544 quam
716 1493 946 1533 verborum
968 1493 1036 1533 vel
1057 1493 1318 1544 optimorum
1339 1500 1466 1545 atque
1488 1494 1862 1534 ornatissimorum

213 1558 377 1600 sonitus
413 1560 562 1608 inanis,
598 1560 715 1600 nulla
751 1560 940 1600 subiecta
976 1560 1185 1601 sententia
1220 1574 1297 1600 nec
1333 1561 1537 1601 scientia?
1611 1561 1699 1612 (De
1738 1561 1857 1602 Orat.

213 1626 247 1675 I,
278 1639 338 1667 12.
358 1628 447 1679 50.)
506 1627 649 1679 Again
675 1627 717 1666 in
745 1637 818 1678 53:
846 1627 956 1679 Quis
984 1627 1096 1667 enim
1121 1627 1256 1668 nescit
1283 1627 1517 1668 maximam
1541 1627 1629 1668 vim
1656 1628 1862 1669 exsistere

209 1694 393 1734 oratoris
427 1693 470 1734 in
501 1692 722 1735 hominum
753 1694 966 1735 mentibus
999 1694 1065 1735 vel
1098 1694 1153 1735 ad
1185 1695 1294 1735 iram
1325 1701 1400 1735 aut
1432 1695 1487 1736 ad
1516 1694 1667 1735 odium
1699 1701 1773 1735 aut
1805 1695 1860 1736 ad

214 1761 405 1802 dolorem
435 1762 662 1802 incitandis
691 1762 759 1802 vel
787 1762 840 1802 ab
867 1762 984 1802 hisce
1013 1761 1164 1802 iisdem
1191 1762 1528 1814 permotionibus
1560 1763 1615 1803 ad
1645 1763 1861 1803 lenitatem

210 1827 633 1879 misericordiamque
674 1829 952 1870 revocandis?
1019 1828 1154 1880 Quae,
1195 1830 1277 1870 nisi
1317 1830 1388 1880 qui
1426 1836 1601 1870 naturas
1640 1829 1862 1870 hominum

213 1895 385 1947 vimque
400 1909 572 1936 omnem
589 1896 866 1936 humanitatis
885 1908 1120 1948 causasque
1138 1909 1221 1944 eas,
1241 1895 1393 1948 quibus
1411 1902 1574 1937 mentes
1592 1903 1666 1937 aut
1683 1895 1862 1937 incitan-

215 1970 285 2003 tur
303 1969 376 2003 aut
395 1963 684 2011 reflectuntur,
703 1963 872 2014 penitus
890 1963 1169 2015 perspexerit,
1191 1963 1372 2004 dicendo
1391 1963 1505 2015 quod
1524 1963 1638 2004 volet
1658 1963 1861 2016 perficere

210 2043 296 2070 non
317 2030 484 2081 poterit.

472 2196 600 2235 KIND
619 2208 677 2237 oF·
693 2196 890 2237 W1s1>0M
915 2197 1179 2238 NECESSARY
1201 2209 1281 2237 FOR
1302 2209 1397 2236 THE
1417 2197 1602 2238 ORATOR

299 2284 410 2324 Now
434 2290 478 2325 to
503 2284 634 2336 speak
657 2283 761 2325 with
784 2284 976 2334 wisdom‚
1002 2285 1165 2338 though
1190 2287 1220 2325 it
1244 2286 1295 2327 be
1318 2285 1499 2327 without
1524 2285 1765 2338 eloquence,
1791 2285 1862 2327 the

213 2350 471 2392 ecclesiastic
492 2359 639 2393 orator
664 2352 815 2393 should
841 2352 976 2394 retain
997 2353 1070 2395 the
1095 2360 1219 2394 exact
1243 2354 1385 2396 words
1407 2354 1457 2394 of
1485 2353 1703 2405 Scripture
1729 2354 1771 2394 in
1795 2352 1861 2394 his

213 2432 416 2471 memory,
441 2434 488 2460 as
514 2420 607 2460 well
633 2434 678 2461 as
704 2434 729 2460 a
754 2421 858 2472 deep
885 2421 1135 2473 knowledge
1161 2421 1209 2462 of
1237 2420 1345 2462 their
1370 2421 1580 2474 meaning,
1611 2421 1682 2463 for
1709 2421 1751 2462 in
1776 2420 1858 2462 this

213 2500 309 2538 way
339 2487 371 2528 it
401 2487 434 2528 is
465 2487 648 2539 possible
679 2495 722 2529 to
753 2488 838 2529 add
868 2502 892 2529 a
924 2488 1114 2529 richness
1144 2494 1187 2529 to
1217 2489 1283 2529 his
1316 2489 1481 2540 speech,
1514 2489 1665 2538 which,
1698 2488 1860 2542 though

213 2553 441 2596 otherwise
471 2568 590 2606 poor,
622 2554 708 2596 will
739 2555 836 2608 give
867 2556 898 2597 it
929 2570 954 2597 a
984 2557 1176 2608 pleasant
1207 2556 1336 2597 effect
1367 2557 1409 2597 in
1440 2556 1512 2596 the
1542 2555 1682 2598 minds
1713 2556 1763 2597 of
1796 2556 1860 2597 his

215 2622 401 2663 hearers.
450 2623 693 2675 Augustine
714 2624 758 2663 in
776 2624 962 2676 treating
980 2624 1064 2664 this
1084 2625 1216 2676 phase
1235 2625 1282 2665 of
1303 2624 1374 2665 the
1395 2624 1573 2676 subject,
1596 2625 1638 2664 in
1658 2624 1710 2663 D.
1734 2624 1786 2663 D.
1812 2623 1857 2664 C.

217 2689 294 2737 IV,
327 2699 362 2740 5.
380 2689 417 2737 8,
449 2703 568 2742 says:
627 2690 743 2730 Huic
773 2703 874 2742 ergo
904 2691 975 2743 qui
1008 2692 1221 2743 sapienter
1250 2691 1374 2732 debet
1404 2691 1557 2739 dicere,
1586 2691 1716 2732 etiam
1747 2690 1861 2742 quod

213 2769 298 2796 non
332 2763 471 2806 potest
505 2757 762 2808 eloquenter,
797 2758 927 2798 verba
964 2758 1285 2809 Scripturarum
1319 2765 1461 2799 tenere
1497 2758 1683 2799 maxime
1718 2772 1860 2798 neces-

217 2820 376 2862 sarium
403 2830 478 2864 est.
532 2823 707 2875 Quanto
733 2825 845 2865 enim
870 2839 913 2865 se
938 2825 1236 2877 pauperiorem
1262 2825 1397 2865 cernit
1423 2824 1465 2864 in
1491 2825 1591 2873 suis,
1618 2831 1737 2865 tanto
1764 2837 1861 2864 eum

215 2894 383 2940 oportet
415 2888 456 2929 in
489 2889 579 2931 istis
613 2904 704 2931 esse
737 2891 958 2941 ditiorem;
989 2899 1036 2933 ut
1069 2892 1183 2943 quod
1217 2891 1374 2932 dixerit
1406 2891 1493 2932 suis
1526 2891 1678 2941 verbis,
1711 2891 1861 2943 probet
