2276 3519
492 400 620 442 XIII.
681 399 1141 441 ILLUSTRATION
1172 399 1252 441 OF
1282 400 1409 441 THE
1440 400 1653 442 GRAND
1683 401 1879 443 STYLE

451 479 503 520 D.
530 479 581 518 D.
612 478 655 519 C.
685 479 762 526 IV,
788 490 852 519 20.
870 490 946 528 42:
999 479 1125 526 Ecce,
1151 492 1263 518 nunc
1289 486 1456 530 tempus
1481 479 1752 531 acceptabile,
1779 493 1878 520 ecce
1902 493 2015 520 nunc

369 545 459 587 dies
481 545 641 587 salutis.
696 545 870 586 Nullam
894 546 936 585 in
960 558 1174 596 quoquam
1199 545 1349 586 dantes
1373 544 1669 594 offensionem,
1694 553 1741 587 ut
1764 560 1849 587 non
1875 560 2016 598 repre·

368 614 580 655 hendatur
623 614 909 654 ministerium
951 607 1168 654 nostrum:
1227 614 1301 654 sed
1344 614 1387 654 in
1431 613 1627 655 omnibus
1674 614 2018 655 commendantes

366 680 650 731 nosmetipsos
675 687 722 720 ut
748 680 828 721 Dei
854 680 1084 729 ministros,
1114 681 1156 721 in
1183 681 1316 721 multa
1343 681 1559 732 patientia,
1590 682 1631 721 in
1659 680 2017 730 tribulationibus,

371 748 414 788 in
432 747 768 796 necessitatibus,
788 747 831 787 in
850 747 1070 800 angustiis,
1092 746 1134 787 in
1153 747 1301 799 plagis,
1323 748 1365 787 in
1386 747 1641 795 carceribus,
1663 748 1706 787 in
1727 747 2017 797 seditionibus,

370 816 411 856 in
432 815 661 864 laboribus,
683 815 725 855 in
746 814 914 867 vigiliis,
935 816 977 855 in
998 814 1178 864 ieiuniis,
1210 816 1252 855 in
1282 815 1487 864 castitate,
1517 816 1560 855 in
1590 815 1776 866 scientia,
1806 816 1849 855 in
1875 816 2020 868 longa-

373 882 577 930 nimitate,
606 883 649 922 in
674 881 946 934 benignitate,
973 882 1017 922 in
1045 881 1208 933 Spiritu
1236 888 1395 930 sancto,
1423 882 1466 922 in
1492 882 1699 923 charitate
1726 895 1812 923 non
1837 882 1948 930 ficta,
1978 882 2021 922 in

370 949 502 990 verbo
534 950 739 999 veritatis,
776 949 818 989 in
850 950 1009 990 virtute
1042 949 1144 990 Dei:
1190 963 1268 1001 per
1297 962 1418 991 arma
1451 948 1638 990 iustitiae
1668 964 1694 990 a
1726 947 1890 990 dextris
1923 956 1965 990 et
1996 963 2022 990 a

374 1018 569 1066 sinistris,
612 1031 689 1070 per
730 1016 909 1070 gloriam
949 1024 993 1057 et
1034 1017 1354 1069 ignobilitatem,
1399 1031 1476 1069 per
1517 1017 1740 1058 infamiam
1783 1025 1823 1058 et
1866 1018 2021 1057 bonam

373 1084 559 1134 famam;
601 1092 648 1126 ut
677 1085 934 1132 seductores,
964 1091 1004 1127 et
1029 1098 1227 1134 veraces;
1269 1091 1316 1125 ut
1343 1083 1415 1136 qui
1441 1084 1703 1138 ignoramur,
1734 1091 1775 1126 et
1804 1083 2022 1137 cognosci-

372 1167 492 1201 mur;
518 1153 639 1205 quasi
665 1153 907 1201 morientes,
936 1160 977 1193 et
1002 1166 1098 1193 ecce
1124 1152 1332 1192 vivimus:
1361 1153 1547 1200 coerciti,
1575 1159 1615 1193 et
1642 1166 1728 1193 non
1754 1152 2021 1200 mortificati;

370 1228 418 1261 ut
457 1218 613 1269 tristes,
655 1234 822 1272 semper
861 1228 1004 1261 autem
1044 1220 1302 1273 gaudentes;
1360 1218 1466 1260 sicut
1507 1220 1640 1272 egeni,
1682 1221 1838 1260 multos
1879 1225 2023 1260 autem

374 1288 581 1336 ditantes;
615 1296 817 1340 tanquam
852 1288 956 1328 nihil
988 1288 1203 1336 habentes,
1239 1295 1280 1328 et
1311 1288 1454 1328 omnia
1485 1287 1764 1339 possidentes.
1828 1287 1891 1328 Os
1925 1301 2022 1328 nos-

373 1364 488 1397 trum
507 1362 623 1407 patet
645 1357 699 1397 ad
722 1370 811 1404 vos,
835 1371 859 1397 o
884 1355 1117 1397 Corinthii:
1157 1369 1229 1396 cor
1251 1362 1447 1396 nostrum
1471 1355 1693 1395 dilatatum
1717 1362 1791 1395 est.
1852 1353 2023 1406 (HCor.

372 1422 451 1472 VI,
473 1423 616 1475 2-11).

400 1491 604 1543 Analysis
626 1491 676 1543 of
699 1491 766 1531 the
791 1491 925 1531 above
948 1492 991 1531 in
1015 1491 1273 1531 accordance
1297 1491 1400 1531 with
1427 1490 1494 1531 tlze
1519 1491 1658 1532 Norm
1683 1490 1733 1543 of
1754 1490 1998 1542 Anyustine

537 1572 573 1599 a.
635 1558 756 1606 Ecce,
779 1571 891 1599 nunc
914 1565 1081 1609 tempus
1104 1558 1372 1609 acceptabile,

637 1639 731 1666 ecce
751 1639 864 1666 nunc
885 1626 974 1666 dies
995 1625 1155 1666 salutis.

639 1693 813 1734 Nullam
840 1694 882 1733 in
909 1706 1123 1744 quoquam
1149 1694 1298 1734 dantes
1325 1692 1621 1741 offensionem,

639 1766 686 1801 ut
704 1774 790 1801 non
809 1760 1147 1812 reprehendatur
1164 1760 1448 1800 ministerium
1468 1765 1662 1800 nostrum
1678 1773 1685 1799 :

637 1828 711 1868 sed
741 1827 782 1867 in
811 1827 1007 1869 omnibus
1038 1828 1383 1869 commendantes
1415 1827 1699 1878 nosmetipsos
1730 1834 1776 1867 ut
1806 1826 1887 1866 Dei
1917 1825 2024 1866 min-

719 1896 860 1945 istros,

637 1964 947 2013 Introduction,
980 1964 1030 2005 of
1067 1963 1148 2005 five
1184 1963 1386 2012 membra,
1422 1970 1466 2004 to
1501 1977 1525 2004 a
1559 1963 1761 2015 vigorous
1797 1961 2025 2003 oratorical

719 2031 930 2072 outburst.

544 2099 580 2140 b.
641 2099 684 2139 in
705 2099 839 2139 multa
859 2098 1076 2150 patientia,

638 2167 682 2206 in
710 2164 1068 2214 tribulationibus,

638 2234 680 2274 in
711 2234 1047 2283 necessitatibus,

638 2302 682 2342 in
711 2300 932 2355 angustiis,

635 2370 678 2410 in
707 2368 855 2423 plagis,

636 2436 681 2478 in
711 2437 965 2486 carceribus,

638 2506 680 2545 in
712 2503 1003 2553 seditionibus,

637 2572 680 2613 in
710 2571 938 2621 laboribus,

638 2641 681 2680 in
711 2640 878 2693 vigiliis,

639 2706 680 2746 in
712 2707 892 2757 ieiuniis,

639 2775 681 2816 in
712 2774 919 2823 castitate,

639 2843 681 2883 in
713 2841 900 2893 scientia,

642 2910 684 2950 in
704 2911 1038 2962 longanimitate,

640 2978 683 3018 in
712 2978 984 3030 benignitate,

638 3046 680 3086 in
713 3045 875 3096 Spiritu
906 3051 1065 3093 sancto,
