2276 3519
614 224 939 254 ILLUSTRATION
968 223 1021 252 OF
1046 223 1140 251 THE
1165 223 1302 252 PLAIN
1332 223 1466 252 STYLE
1811 223 1864 263 43

480 353 520 389 et
542 346 760 389 benedixit
783 346 1043 389 Abraham.”

481 415 522 454 A
541 414 690 468 period
711 415 759 456 of
782 416 848 457 six
869 414 1071 456 membra.

384 483 414 523 f.
475 482 770 523 M-elchizedek
792 496 816 523 a
841 490 938 534 type
961 483 1008 523 of
1032 481 1188 523 Christ.

482 549 612 602 Quod
637 557 780 590 autem
804 548 1121 590 Melchisedech
1146 554 1297 600 typum
1320 546 1480 588 Christi
1503 554 1706 599 portaret,

482 617 668 658 declarat
688 617 731 657 in
754 616 935 658 Psalmis
958 616 1144 667 Spiritus
1166 622 1350 663 sanctus,

485 698 539 725 ex
561 697 744 736 persona
767 683 907 724 Patris
930 683 984 724 ad
1006 683 1163 723 Filium
1186 682 1354 723 dicens:

482 751 622 792 “Ante
645 750 900 791 Luciferum
919 748 1048 803 genui
1069 756 1122 790 te.

483 819 551 859 Tu
571 832 614 859 es
636 818 833 859 sacerdos
853 818 895 857 in
914 824 1136 858 aeternum
1155 816 1390 858 secundum
1407 815 1604 857 ordinem

543 885 901 926 Melchisedech.”

482 952 524 993 A
544 952 693 1004 period
715 952 762 994 of
786 952 867 993 five
888 952 1091 993 membra.

1021 1058 1061 1098 D

627 1137 695 1178 ST.
720 1136 940 1176 AMBROSE
961 1148 1022 1176 ON
1045 1148 1139 1176 THE
1161 1136 1293 1176 HoLY
1318 1135 1470 1176 SPIRIT

306 1216 360 1256 D.
387 1216 438 1256 D.
469 1215 514 1256 C.
544 1216 620 1263 IV,
648 1227 712 1256 21.
730 1215 806 1265 46:
862 1215 1113 1256 Commotus
1141 1214 1315 1255 oraculo
1343 1213 1529 1262 Gedeon,
1559 1227 1655 1253 curn
1684 1213 1872 1253 audisset

225 1284 340 1336 quod
371 1282 663 1324 deficientibus
695 1283 792 1323 licet
823 1282 1080 1334 populorum
1112 1281 1310 1329 millibus,
1344 1282 1386 1321 in
1417 1295 1502 1321 uno
1534 1280 1628 1321 viro
1661 1280 1872 1320 Dominus

224 1351 389 1404 plebem
415 1365 535 1391 suam
560 1351 613 1391 ab
638 1350 831 1390 hostibus
855 1349 1066 1397 liberaret,
1093 1349 1246 1389 obtulit
1271 1348 1456 1388 haedum
1482 1361 1721 1399 caprarum,
1751 1347 1872 1387 cuius

223 1431 394 1459 carnem
415 1418 649 1459 secundum
670 1424 944 1468 praeceptum
967 1416 1118 1469 angeli,
1141 1423 1182 1457 et
1204 1429 1354 1467 azyma
1376 1428 1505 1467 supra
1527 1421 1694 1466 petram
1715 1412 1869 1465 posuit,

225 1492 267 1527 et
292 1499 341 1527 eo
366 1486 463 1538 jure
489 1485 705 1537 perfudit:
746 1497 854 1536 quae
881 1484 1005 1525 simul
1032 1491 1080 1524 ut
1104 1483 1250 1536 virgae
1277 1481 1507 1531 cacumine,
1534 1495 1662 1534 quam
1688 1482 1874 1534 gerebat,

222 1553 397 1607 angelus
419 1553 499 1594 Dei
521 1552 708 1606 contigit,
733 1553 784 1594 de
805 1558 926 1604 petra
947 1552 1055 1604 ignis
1077 1552 1229 1603 erupit,
1253 1558 1380 1602 atque
1401 1551 1458 1591 ita
1480 1549 1736 1591 sacrificium
1757 1549 1870 1600 quod

217 1621 484 1661 offerebatur
504 1620 777 1672 absumptum
799 1626 873 1660 est.
932 1619 1052 1671 (Jud.
1077 1618 1154 1667 IV,
1181 1619 1346 1670 11-21).
1383 1618 1483 1670 Quo
1506 1617 1662 1658 indicio
1685 1617 1873 1657 declara-

225 1695 317 1730 tum
341 1688 523 1736 videtur,
549 1689 663 1739 quod
689 1694 809 1738 petra
835 1685 907 1727 illa
932 1693 1081 1738 typum
1108 1685 1304 1726 habuerit
1331 1684 1520 1736 corporis
1551 1682 1734 1732 Christi;
1776 1684 1875 1734 quia

229 1756 435 1807 scriptum
475 1763 550 1803 est,
592 1755 816 1795 “bibebant
857 1755 909 1795 de
951 1754 1224 1804 consequenti
1267 1760 1399 1805 petra,
1442 1759 1561 1803 petra
1604 1760 1746 1793 autem
1789 1758 1878 1792 erat

229 1821 465 1863 Christus.”
530 1823 573 1873 (Ι
604 1821 700 1863 Cor.
733 1821 786 1869 X,
817 1822 880 1873 4.)
944 1820 1074 1872 Quod
1101 1821 1245 1871 utique
1276 1834 1359 1861 non
1389 1820 1443 1860 ad
1473 1820 1740 1860 divinitatem
1769 1818 1877 1870 ejus,

227 1889 301 1929 sed
321 1889 375 1930 ad
396 1902 566 1929 carnem
589 1888 768 1928 relatum
790 1895 864 1936 est,
887 1901 994 1939 quae
1018 1887 1250 1928 sitientium
1274 1886 1404 1927 corda
1425 1885 1681 1937 populorum
1703 1885 1878 1936 perenni

222 1957 314 1996 rivo
335 1956 399 1996 sui
421 1955 639 2007 sanguinis
661 1954 896 1994 inundavit.
935 1955 1027 1993 Iam
1048 1961 1148 1994 tunc
1170 1953 1300 2005 igitur
1321 1953 1363 1992 in
1385 1952 1588 2004 mysterio
1610 1952 1876 1992 declaratum

226 2030 301 2070 est,
322 2022 422 2073 quia
440 2022 650 2063 Dominus
670 2022 794 2072 Jesus
815 2022 856 2061 in
876 2035 1003 2061 carne
1024 2033 1111 2069 sua,
1133 2019 1263 2060 totius
1283 2019 1430 2059 mundi
1451 2026 1622 2070 peccata
1644 2018 1872 2058 crucifixus

223 2090 422 2137 aboleret,
461 2102 538 2129 nec
577 2088 714 2129 solum
752 2086 906 2129 delicta
945 2088 1173 2135 factorum,
1212 2087 1287 2128 sed
1325 2087 1452 2127 etiam
1493 2086 1747 2137 cupiditates
1787 2085 1875 2125 ani—

228 2170 408 2198 morum.
460 2156 571 2197 Caro
592 2156 703 2196 enim
724 2155 848 2196 haedi
869 2156 923 2195 ad
944 2155 1112 2206 culpam
1134 2155 1237 2194 t'acti
1260 2155 1468 2201 refertur;
1490 2153 1560 2204 jus
1582 2153 1635 2193 ad
1658 2152 1874 2192 illecebras

230 2223 523 2275 cupiditatum,
561 2225 668 2264 sicut
706 2224 911 2274 scriptum
946 2230 1020 2271 est,
1060 2223 1186 2273 “quia
1222 2221 1462 2271 concupivit
1499 2220 1681 2271 populus
1717 2219 1877 2270 cupidi-

229 2297 358 2331 tatem
377 2292 617 2342 pessimam,
639 2298 679 2330 et
699 2291 911 2337 dixerunt,
934 2289 1027 2340 quis
1047 2303 1124 2329 nos
1145 2288 1299 2329 cibabit
1321 2301 1448 2328 carne
1460 2286 1502 2326 ?'’
1531 2287 1684 2338 (Num.
1708 2285 1786 2333 XI,
1807 2286 1875 2337 4).

227 2357 356 2409 Quod
382 2356 509 2410 igitur
533 2357 725 2398 extendit
749 2356 924 2409 angelus
948 2357 1126 2408 virgam,
1152 2362 1193 2396 et
1215 2354 1354 2407 tetigit
1377 2360 1554 2405 petram,
1580 2354 1631 2394 de
1656 2366 1740 2404 qua
1764 2352 1873 2405 ignis

229 2426 345 2474 exiit,
383 2425 567 2466 ostendit
604 2425 718 2477 quod
756 2438 854 2465 caro
893 2424 1067 2464 Domini
1106 2423 1268 2474 Spiritu
1306 2423 1465 2473 repleta
1503 2421 1661 2469 divino,
1699 2427 1874 2472 peccata

225 2493 367 2533 omnia
389 2493 599 2533 humanae
623 2493 877 2532 conditionis
900 2498 1111 2532 exureret.
1162 2491 1291 2531 Unde
1314 2496 1355 2530 et
1377 2489 1587 2530 Dominus
1613 2489 1683 2536 ait,
1707 2487 1874 2540 “ignem

227 2560 323 2600 veni
349 2560 516 2600 mittere
545 2560 584 2599 in
611 2559 809 2600 terram.'’
871 2558 997 2610 (Luc.
1026 2557 1129 2606 XII,
1153 2557 1249 2608 49).

265 2625 471 2678 Analysis
489 2626 537 2678 of
556 2626 625 2666 the
645 2626 779 2666 above
796 2625 842 2665 in
860 2624 1122 2665 accordance
1143 2623 1247 2664 with
1271 2623 1339 2663 the
1359 2623 1499 2662 Norm
1522 2621 1569 2673 of
1586 2621 1829 2673 Augustino

389 2706 426 2733 a.
486 2692 579 2732 The
603 2692 793 2733 sacrifice
813 2692 862 2731 of
886 2691 1064 2732 Gideon.

489 2758 738 2800 Commotus
763 2759 937 2800 oraculo
961 2758 1148 2806 Gedeon,

491 2839 589 2866 cum
611 2827 799 2867 audisset
822 2826 936 2877 quod
961 2823 1252 2866 deficientibus
1277 2823 1374 2863 licet
1397 2823 1654 2874 populorum
1676 2820 1873 2869 millibus,

492 2893 533 2934 in
553 2906 641 2934 uno
659 2894 752 2935 viro
773 2894 984 2935 Dominus
1006 2892 1171 2945 plebem
1193 2904 1315 2932 suam
1334 2890 1386 2931 ab
1408 2889 1600 2931 hostibus
1621 2889 1832 2937 liberaret,
