2276 3519
302 324 353 366 52
393 314 584 354 CICERO'S
612 327 876 355 INFLUENCE
902 327 1024 356 UPON
1052 316 1351 356 AUGUSTINE’S
1378 328 1649 357 ORATORICAL
1675 329 1855 358 THEORY

298 447 347 489 of
370 446 534 497 Cicero,
558 448 601 488 in
622 448 714 489 that
737 448 788 489 he
812 455 941 489 states
965 449 1262 502 emphatically
1284 450 1377 490 that
1399 449 1482 491 this
1505 449 1540 491 is
1564 458 1638 492 not
1661 465 1715 492 an
1738 452 1946 503 adequate

297 516 392 557 end.

381 605 523 645 &Vhen
542 605 656 646 what
675 605 745 646 the
765 606 1062 646 ecclesiastical
1081 613 1228 647 orator
1246 606 1322 647 has
1341 613 1385 648 to
1405 621 1479 659 say
1499 608 1533 648 is
1552 608 1665 660 good
1685 608 1768 649 and
1788 608 1946 658 useful,

300 673 424 713 when
459 672 523 714 his
560 672 731 714 hearers
768 688 839 714 are
874 673 1128 725 acquainted
1163 674 1266 715 with
1302 674 1332 715 it
1368 675 1452 715 and
1488 675 1713 728 favorably
1750 674 1948 727 disposed

299 741 487 781 towards
512 740 557 789 it,
584 754 632 782 so
655 740 747 782 that
772 742 870 793 they
896 742 951 783 do
976 748 1049 782 not
1075 742 1182 782 need
1206 748 1249 782 to
1274 742 1324 783 be
1351 743 1585 783 instructed
1608 756 1658 783 or
1685 743 1949 792 conciliated,

301 809 455 861 beauty
479 810 526 849 of
551 809 656 861 style
679 823 777 861 may
801 810 851 850 be
874 810 1131 850 serviceable
1156 811 1197 850 in
1223 810 1423 862 securing
1446 824 1471 850 a
1495 824 1614 851 more
1639 818 1810 863 prompt
1835 825 1949 852 com-

299 876 463 928 pliance
489 890 545 917 on
571 876 682 916 their
707 884 815 928 part.
872 877 966 917 The
995 876 1192 918 function
1220 877 1268 918 of
1298 877 1352 918 all
1379 879 1621 929 eloquence,
1651 877 1867 919 whatever
1895 879 1948 919 its

303 943 430 992 form,
464 943 591 996 being
622 951 666 985 to
700 944 829 995 speak
862 945 1154 997 persuasively
1185 945 1270 985 and
1301 945 1356 986 its
1389 945 1531 997 object
1564 953 1609 986 to
1639 947 1861 997 persuade,
1896 959 1950 986 an

301 1011 499 1062 eloquent
521 1025 621 1052 man
645 1012 729 1052 will
755 1012 885 1064 speak
908 1012 1211 1064 persuasively,
1237 1012 1453 1053 whatever
1479 1013 1584 1065 style
1610 1013 1661 1054 he
1684 1027 1783 1065 may
1807 1013 1950 1065 adopt,

300 1079 376 1119 but
397 1081 537 1120 unless
563 1080 616 1120 he
639 1080 838 1120 succeeds
861 1078 904 1120 in
927 1079 1199 1133 persuading,
1225 1081 1290 1121 his
1311 1080 1544 1132 eloquence
1567 1081 1642 1122 has
1668 1081 1801 1122 failed
1822 1081 1872 1122 of
1896 1080 1950 1122 its

302 1147 457 1199 object.
515 1148 566 1187 In
592 1150 663 1188 the
692 1147 814 1187 Plain
845 1147 972 1200 Style,
1002 1148 1054 1188 he
1080 1148 1313 1199 persuades
1341 1148 1406 1188 his
1434 1149 1607 1190 hearers
1636 1149 1727 1190 that
1755 1149 1870 1189 what
1898 1149 1951 1189 he

302 1228 398 1266 says
422 1214 456 1255 is
478 1222 596 1264 true;
633 1215 675 1254 in
697 1214 767 1255 the
791 1215 938 1256 Grand
961 1215 1080 1266 Style
1103 1214 1155 1255 he
1176 1215 1408 1266 persuades
1432 1216 1547 1256 them
1568 1223 1612 1256 to
1636 1216 1692 1256 do
1714 1215 1828 1257 what
1852 1215 1951 1268 they

302 1283 430 1323 know
447 1283 547 1335 they
567 1282 721 1323 should
740 1282 817 1330 do;
838 1283 880 1322 in
900 1283 969 1323 the
989 1283 1246 1334 Temperate
1264 1282 1381 1335 Style
1400 1283 1453 1323 he
1471 1282 1704 1334 persuades
1725 1283 1840 1323 thern
1860 1283 1952 1324 that

300 1349 365 1391 his
393 1349 546 1401 speech
571 1350 606 1391 is
631 1349 733 1390 both
760 1351 958 1401 eloquent
982 1350 1066 1390 and
1093 1348 1317 1390 beautiful.
1374 1349 1459 1390 But
1486 1349 1534 1391 of
1561 1350 1676 1391 what
1702 1362 1777 1391 use
1805 1351 1839 1391 is
1867 1349 1951 1391 this

301 1417 383 1458 last
410 1424 453 1458 to
482 1417 552 1458 the
581 1416 879 1458 ecclesiastical
905 1417 1081 1459 orator?
1139 1417 1202 1469 By
1232 1417 1304 1459 the
1331 1430 1409 1458 use
1433 1417 1483 1457 of
1514 1417 1596 1458 this
1628 1417 1744 1470 Style
1774 1417 1826 1458 he
1854 1431 1953 1469 may

301 1485 511 1537 persuade
539 1498 636 1526 men
666 1491 709 1526 to
738 1484 834 1538 give
862 1498 920 1536 up
949 1485 1031 1526 bad
1061 1484 1213 1533 habits,
1245 1499 1292 1526 or
1322 1492 1365 1526 to
1395 1485 1596 1526 cultivate
1625 1485 1738 1538 good
1767 1499 1882 1533 ones,
1915 1484 1951 1525 if

301 1552 401 1605 they
423 1553 473 1593 be
495 1560 570 1593 not
594 1566 642 1594 so
662 1551 874 1593 obstinate
897 1567 943 1593 as
964 1559 1009 1593 to
1033 1553 1140 1594 need
1163 1552 1233 1593 the
1259 1553 1407 1594 Grand
1433 1552 1561 1605 Style.
1616 1552 1708 1595 The
1733 1559 1880 1594 orator
1902 1552 1951 1594 of

302 1620 556 1673 Augustine,
577 1620 690 1668 then,
714 1620 868 1661 should
888 1633 962 1661 use
983 1621 1055 1662 the
1076 1620 1244 1661 Middle
1266 1620 1383 1672 Style
1404 1626 1447 1662 to
1468 1634 1593 1661 move
1613 1634 1712 1661 men
1732 1626 1774 1661 to
1797 1621 1950 1662 action.

303 1688 415 1729 Illud
441 1701 546 1729 vero
571 1689 685 1739 quod
712 1687 855 1741 agitur
880 1701 1034 1741 genere
1062 1694 1310 1740 temperato,
1341 1688 1383 1729 id
1412 1695 1486 1738 est,
1516 1694 1564 1729 ut
1592 1688 1833 1739 eloquentia
1861 1689 1951 1740 ipsa

302 1757 493 1805 delectet,
521 1769 607 1796 non
636 1763 698 1797 est
727 1763 901 1808 propter
931 1756 1117 1807 seipsum
1145 1756 1465 1808 usurpandum;
1509 1756 1583 1797 sed
1613 1762 1659 1796 ut
1689 1756 1815 1797 rebus
1844 1769 1952 1807 quae

301 1822 463 1865 utiliter
496 1823 756 1875 honesteque
794 1825 1006 1872 dicuntur,
1044 1824 1078 1865 si
1115 1838 1192 1865 nec
1230 1824 1406 1864 docente
1442 1822 1635 1877 indigent
1671 1823 1838 1875 eloquio
1875 1837 1952 1865 nec

301 1898 512 1940 movente,
546 1892 646 1942 quia
680 1898 720 1932 et
755 1892 933 1932 scientes
969 1898 1010 1932 et
1046 1891 1241 1933 faventes
1277 1890 1493 1932 auditores
1529 1891 1699 1940 habent,
1735 1892 1954 1942 aliquanto

302 1959 541 2011 promptius
569 1974 621 2000 ex
650 1960 929 2000 delectatione
957 1960 1049 2011 ipsa
1075 1959 1339 2010 elocutionis,
1367 1959 1541 2000 accedat
1566 1960 1632 2000 vel
1662 1957 1851 2000 tenacius
1879 1958 1952 1999 ad-

302 2028 493 2068 herescat
520 2040 730 2068 assensus.
788 2028 901 2068 Nam
929 2042 1023 2068 cum
1051 2029 1315 2078 eloquentiae
1341 2028 1393 2067 sit
1420 2027 1660 2068 universale
1685 2026 1882 2075 officium,
1911 2026 1953 2066 in

301 2107 569 2146 quocumque
601 2095 782 2135 istorum
813 2094 942 2134 trium
973 2107 1190 2147 generum,
1224 2092 1363 2134 dicere
1395 2101 1491 2146 apte
1522 2094 1576 2134 ad
1608 2094 1951 2145 p-ersuasionem;

303 2160 398 2203 finis
424 2169 580 2211 autern,
607 2162 649 2203 id
675 2162 789 2213 quod
815 2160 1058 2209 intenderis,
1087 2162 1345 2213 persuadere
1370 2161 1573 2202 dicendo:
1616 2161 1657 2201 in
1685 2173 1952 2213 quocumque

303 2231 483 2271 istorum
504 2230 635 2270 trium
656 2243 861 2282 generum
882 2230 983 2271 dicit
1005 2227 1176 2280 quidem
1199 2229 1399 2280 eloquens
1423 2236 1520 2280 apte
1541 2229 1596 2270 ad
1617 2228 1950 2280 persuasionem,

303 2299 375 2339 sed
403 2299 484 2339 nisi
513 2299 780 2349 persuadeat,
809 2299 863 2339 ad
892 2297 1018 2338 finem
1046 2312 1131 2339 non
1160 2298 1353 2348 pervenit
1381 2298 1657 2348 eloquentiae.
1718 2297 1952 2337 Persuadet

304 2373 446 2406 autem
471 2365 512 2405 in
536 2366 746 2406 submisso
770 2379 923 2417 genere
946 2379 1048 2405 vera
1072 2378 1162 2405 esse
1186 2378 1293 2416 quae
1318 2364 1420 2404 dicit
1434 2377 1443 2411 ς
1467 2363 1695 2416 persuadet
1720 2364 1762 2403 in
1786 2363 1950 2416 grandi,

302 2440 349 2473 ut
375 2439 558 2485 agantur
583 2445 691 2483 quae
718 2432 882 2485 agenda
908 2446 1000 2473 esse
1028 2432 1111 2472 iam
1139 2429 1343 2480 sciuntur,
1370 2444 1448 2471 nec
1474 2436 1682 2483 aguntur;
1722 2430 1952 2481 persuadet

301 2499 345 2540 in
375 2513 531 2553 genere
561 2506 810 2551 temperato,
841 2499 1018 2551 pulchre
1046 2507 1281 2550 ornateque
1313 2513 1356 2539 se
1389 2497 1550 2539 dicere:
1598 2510 1682 2549 quo
1715 2497 1798 2539 fine
1828 2497 1950 2539 nobis

302 2568 402 2619 quid
429 2581 536 2619 opus
562 2568 651 2608 est?
706 2567 923 2619 Appetant
949 2580 1046 2608 eum
1072 2567 1142 2618 qui
1169 2568 1313 2619 lingua
1337 2566 1587 2619 gloriantur,
1616 2573 1656 2606 et
1684 2579 1727 2606 se
1755 2566 1797 2605 in
1824 2578 1950 2617 pane-

305 2635 462 2687 gyricis
500 2635 739 2686 talibusque
777 2634 1034 2675 dictionibus
1074 2634 1245 2681 iactant,
1285 2633 1356 2673 ubi
1396 2646 1471 2673 nec
1511 2632 1740 2681 docendus,
1781 2645 1858 2673 nec
1897 2631 1952 2672 ad

304 2700 463 2753 aliquid
483 2703 696 2754 agendum
713 2702 961 2749 movendus,
984 2701 1057 2742 sed
1076 2700 1374 2742 tantummodo
1393 2706 1456 2741 est
1475 2699 1748 2740 delectandus
1768 2699 1950 2740 auditor.

307 2769 398 2811 Nos
423 2783 525 2810 vero
552 2768 679 2810 istum
706 2769 834 2810 finem
859 2769 1099 2810 referamus
1126 2768 1180 2809 ad
1206 2767 1388 2809 alterum
1413 2767 1552 2813 finem,
1580 2773 1627 2807 ut
1653 2764 1811 2807 scilicet
1838 2766 1952 2818 quod

306 2836 468 2878 efficere
494 2838 704 2885 volumus,
732 2851 830 2878 cum
854 2835 1073 2889 granditer
1101 2836 1292 2885 dicimus,
1321 2834 1400 2875 hoc
1428 2835 1554 2875 etiam
1582 2834 1662 2875 isto
1688 2834 1881 2881 velimus,
1911 2833 1953 2874 id

304 2910 381 2953 est,
401 2912 447 2946 ut
465 2904 577 2945 bona
594 2917 763 2944 morum
782 2903 1026 2957 diligantur,
1045 2904 1111 2945 vel
1133 2904 1375 2944 devitentur
1393 2903 1528 2951 mala;
1563 2902 1597 2942 si
1617 2902 1669 2942 ab
1688 2902 1767 2942 hac
1787 2900 1953 2942 actione

306 2985 389 3012 non
429 2973 487 3013 sic
523 2973 648 3014 alieni
689 2979 787 3013 sunt
825 2971 1029 3019 homines,
1068 2978 1115 3011 ut
1151 2971 1203 3012 ad
1242 2984 1335 3011 eam
1373 2969 1523 3023 grandi
1564 2983 1716 3022 genere
1757 2969 1953 3009 dictionis
