<?xml version="1.0" encoding="UTF-8"?>
<!DOCTYPE html PUBLIC "-//W3C//DTD XHTML 1.0 Transitional//EN"
    "http://www.w3.org/TR/xhtml1/DTD/xhtml1-transitional.dtd">
<html xmlns="http://www.w3.org/1999/xhtml" xml:lang="en" lang="en">
 <head>
  <title>
</title>
<meta http-equiv="Content-Type" content="text/html;charset=utf-8" />
  <meta name='ocr-system' content='tesseract 3.04.00' />
  <meta name='ocr-capabilities' content='ocr_page ocr_carea ocr_par ocr_line ocrx_word'/>
</head>
<body>
  <div class='ocr_page' id='page_1' title='image "./influenceofcicer00eskrrich_0049.png"; bbox 0 0 2276 3519; ppageno 0'>
   <div class='ocr_carea' id='block_1_1' title="bbox 698 272 1833 314">
    <p class='ocr_par' dir='ltr' id='par_1_1' title="bbox 698 272 1833 314">
     <span class='ocr_line' id='line_1_1' title="bbox 698 272 1833 314; baseline -0.004 -10"><span class='ocrx_word' id='word_1_1' title='bbox 698 277 792 305; x_wconf 82' lang='lat' dir='ltr'><strong>THE</strong></span> <span class='ocrx_word' id='word_1_2' title='bbox 819 275 948 304; x_wconf 85' lang='lat' dir='ltr'>NORM</span> <span class='ocrx_word' id='word_1_3' title='bbox 978 275 1031 304; x_wconf 77' lang='lat' dir='ltr'><strong>or</strong></span> <span class='ocrx_word' id='word_1_4' title='bbox 1059 274 1320 304; x_wconf 79' lang='lat' dir='ltr'>AUGUSTINE</span> <span class='ocrx_word' id='word_1_5' title='bbox 1782 272 1833 314; x_wconf 86' lang='lat'><strong>35</strong></span> 
     </span>
    </p>
   </div>
   <div class='ocr_carea' id='block_1_2' title="bbox 189 407 1838 668">
    <p class='ocr_par' dir='ltr' id='par_1_2' title="bbox 189 407 1838 668">
     <span class='ocr_line' id='line_1_2' title="bbox 194 407 1837 464; baseline -0.003 -12"><span class='ocrx_word' id='word_1_6' title='bbox 194 412 265 453; x_wconf 87' lang='lat' dir='ltr'><strong>for</strong></span> <span class='ocrx_word' id='word_1_7' title='bbox 287 413 339 454; x_wconf 92' lang='lat' dir='ltr'><strong>its</strong></span> <span class='ocrx_word' id='word_1_8' title='bbox 362 410 500 464; x_wconf 86' lang='lat' dir='ltr'>poetic</span> <span class='ocrx_word' id='word_1_9' title='bbox 522 411 705 464; x_wconf 88' lang='lat' dir='ltr'><strong>rhythm‚</strong></span> <span class='ocrx_word' id='word_1_10' title='bbox 729 411 813 452; x_wconf 90' lang='lat' dir='ltr'><strong>and</strong></span> <span class='ocrx_word' id='word_1_11' title='bbox 836 412 888 452; x_wconf 92' lang='lat' dir='ltr'><strong>its</strong></span> <span class='ocrx_word' id='word_1_12' title='bbox 911 423 985 451; x_wconf 91' lang='lat' dir='ltr'><strong>use</strong></span> <span class='ocrx_word' id='word_1_13' title='bbox 1005 410 1055 450; x_wconf 83' lang='lat' dir='ltr'><strong>of</strong></span> <span class='ocrx_word' id='word_1_14' title='bbox 1078 410 1149 450; x_wconf 91' lang='lat' dir='ltr'><strong>the</strong></span> <span class='ocrx_word' id='word_1_15' title='bbox 1170 407 1455 461; x_wconf 89' lang='lat' dir='ltr'><strong>preposition;</strong></span> <span class='ocrx_word' id='word_1_16' title='bbox 1478 408 1518 457; x_wconf 92' lang='lat' dir='ltr'><strong>d,</strong></span> <span class='ocrx_word' id='word_1_17' title='bbox 1545 419 1579 460; x_wconf 87' lang='lat'><strong>5,</strong></span> <span class='ocrx_word' id='word_1_18' title='bbox 1604 407 1837 460; x_wconf 84' lang='lat' dir='ltr'>consisting</span> 
     </span>
     <span class='ocr_line' id='line_1_3' title="bbox 189 475 1838 531; baseline -0.002 -11"><span class='ocrx_word' id='word_1_19' title='bbox 189 480 239 520; x_wconf 88' lang='lat' dir='ltr'><strong>of</strong></span> <span class='ocrx_word' id='word_1_20' title='bbox 270 480 469 521; x_wconf 83' lang='lat' dir='ltr'><strong>fourteen</strong></span> <span class='ocrx_word' id='word_1_21' title='bbox 498 493 632 528; x_wconf 87' lang='lat' dir='ltr'><strong>caesa,</strong></span> <span class='ocrx_word' id='word_1_22' title='bbox 662 480 738 520; x_wconf 88' lang='lat' dir='ltr'><strong>has</strong></span> <span class='ocrx_word' id='word_1_23' title='bbox 767 479 882 531; x_wconf 89' lang='lat' dir='ltr'><strong>eight</strong></span> <span class='ocrx_word' id='word_1_24' title='bbox 909 476 1140 531; x_wconf 85' lang='lat' dir='ltr'><strong>beginning</strong></span> <span class='ocrx_word' id='word_1_25' title='bbox 1167 477 1269 517; x_wconf 85' lang='lat' dir='ltr'><strong>with</strong></span> <span class='ocrx_word' id='word_1_26' title='bbox 1299 477 1511 528; x_wconf 89' lang='lat' dir='ltr'><strong>periculis,</strong></span> <span class='ocrx_word' id='word_1_27' title='bbox 1542 476 1626 516; x_wconf 89' lang='lat' dir='ltr'><strong>and</strong></span> <span class='ocrx_word' id='word_1_28' title='bbox 1657 476 1736 523; x_wconf 88' lang='lat' dir='ltr'><strong>six,</strong></span> <span class='ocrx_word' id='word_1_29' title='bbox 1767 475 1838 516; x_wconf 91' lang='lat' dir='ltr'><strong>the</strong></span> 
     </span>
     <span class='ocr_line' id='line_1_4' title="bbox 192 543 1835 597; baseline -0.002 -10"><span class='ocrx_word' id='word_1_30' title='bbox 192 547 284 588; x_wconf 91' lang='lat' dir='ltr'><strong>first</strong></span> <span class='ocrx_word' id='word_1_31' title='bbox 307 548 390 588; x_wconf 89' lang='lat' dir='ltr'><strong>and</strong></span> <span class='ocrx_word' id='word_1_32' title='bbox 414 548 494 588; x_wconf 86' lang='lat' dir='ltr'><strong>last</strong></span> <span class='ocrx_word' id='word_1_33' title='bbox 520 547 613 595; x_wconf 87' lang='lat' dir='ltr'><strong>five,</strong></span> <span class='ocrx_word' id='word_1_34' title='bbox 638 547 740 587; x_wconf 85' lang='lat' dir='ltr'><strong>with</strong></span> <span class='ocrx_word' id='word_1_35' title='bbox 760 546 834 587; x_wconf 83' lang='lat' dir='ltr'><strong>the</strong></span> <span class='ocrx_word' id='word_1_36' title='bbox 858 560 972 587; x_wconf 90' lang='lat' dir='ltr'><strong>same</strong></span> <span class='ocrx_word' id='word_1_37' title='bbox 997 543 1270 597; x_wconf 90' lang='lat' dir='ltr'><strong>preposition.</strong></span> <span class='ocrx_word' id='word_1_38' title='bbox 1324 544 1416 585; x_wconf 86' lang='lat' dir='ltr'><strong>The</strong></span> <span class='ocrx_word' id='word_1_39' title='bbox 1441 544 1576 584; x_wconf 81' lang='lat' dir='ltr'><strong>entire</strong></span> <span class='ocrx_word' id='word_1_40' title='bbox 1599 557 1776 596; x_wconf 84' lang='lat' dir='ltr'><strong>passage</strong></span> <span class='ocrx_word' id='word_1_41' title='bbox 1802 544 1835 583; x_wconf 90' lang='lat' dir='ltr'><strong>is</strong></span> 
     </span>
     <span class='ocr_line' id='line_1_5' title="bbox 191 610 1653 668; baseline -0.003 -12"><span class='ocrx_word' id='word_1_42' title='bbox 191 629 272 656; x_wconf 90' lang='lat' dir='ltr'><strong>one</strong></span> <span class='ocrx_word' id='word_1_43' title='bbox 294 616 341 656; x_wconf 81' lang='lat' dir='ltr'><strong>of</strong></span> <span class='ocrx_word' id='word_1_44' title='bbox 362 622 481 668; x_wconf 89' lang='lat' dir='ltr'><strong>great</strong></span> <span class='ocrx_word' id='word_1_45' title='bbox 505 613 730 656; x_wconf 89' lang='lat' dir='ltr'><strong>oratorical</strong></span> <span class='ocrx_word' id='word_1_46' title='bbox 758 614 888 662; x_wconf 84' lang='lat' dir='ltr'><strong>force,</strong></span> <span class='ocrx_word' id='word_1_47' title='bbox 913 614 997 654; x_wconf 87' lang='lat' dir='ltr'><strong>and</strong></span> <span class='ocrx_word' id='word_1_48' title='bbox 1022 613 1195 665; x_wconf 86' lang='lat' dir='ltr'><strong>belongs</strong></span> <span class='ocrx_word' id='word_1_49' title='bbox 1221 619 1265 652; x_wconf 88' lang='lat' dir='ltr'><strong>to</strong></span> <span class='ocrx_word' id='word_1_50' title='bbox 1289 611 1474 652; x_wconf 86' lang='lat' dir='ltr'><strong>Grandis</strong></span> <span class='ocrx_word' id='word_1_51' title='bbox 1500 610 1653 652; x_wconf 87' lang='lat' dir='ltr'><strong>Dictio.</strong></span> 
     </span>
    </p>
   </div>
   <div class='ocr_carea' id='block_1_3' title="bbox 996 756 1031 798">
    <p class='ocr_par' dir='ltr' id='par_1_3' title="bbox 996 756 1031 798">
     <span class='ocr_line' id='line_1_6' title="bbox 996 756 1031 798; baseline 0 0"><span class='ocrx_word' id='word_1_52' title='bbox 996 756 1031 798; x_wconf 92' lang='lat' dir='ltr'>C</span> 
     </span>
    </p>
   </div>
   <div class='ocr_carea' id='block_1_4' title="bbox 537 856 1491 898">
    <p class='ocr_par' dir='ltr' id='par_1_4' title="bbox 537 856 1491 898">
     <span class='ocr_line' id='line_1_7' title="bbox 537 856 1491 898; baseline -0.001 -2"><span class='ocrx_word' id='word_1_53' title='bbox 537 857 672 898; x_wconf 86' lang='lat' dir='ltr'><strong>AMos</strong></span> <span class='ocrx_word' id='word_1_54' title='bbox 696 869 758 897; x_wconf 89' lang='lat' dir='ltr'><strong>ON</strong></span> <span class='ocrx_word' id='word_1_55' title='bbox 782 869 876 896; x_wconf 80' lang='lat' dir='ltr'><strong>THE</strong></span> <span class='ocrx_word' id='word_1_56' title='bbox 899 857 1230 897; x_wconf 76' lang='lat' dir='ltr'><strong>VVANTONNEss</strong></span> <span class='ocrx_word' id='word_1_57' title='bbox 1255 867 1308 896; x_wconf 79' lang='lat' dir='ltr'><strong>oF</strong></span> <span class='ocrx_word' id='word_1_58' title='bbox 1333 856 1491 895; x_wconf 81' lang='lat' dir='ltr'>ISRAEL</span> 
     </span>
    </p>
   </div>
   <div class='ocr_carea' id='block_1_5' title="bbox 192 955 1844 1684">
    <p class='ocr_par' dir='ltr' id='par_1_5' title="bbox 192 955 1844 1684">
     <span class='ocr_line' id='line_1_8' title="bbox 275 955 1839 1009; baseline -0.003 -10"><span class='ocrx_word' id='word_1_59' title='bbox 275 958 367 999; x_wconf 89' lang='lat' dir='ltr'><strong>Vae</strong></span> <span class='ocrx_word' id='word_1_60' title='bbox 394 959 465 1009; x_wconf 91' lang='lat' dir='ltr'><strong>qui</strong></span> <span class='ocrx_word' id='word_1_61' title='bbox 491 957 681 1009; x_wconf 87' lang='lat' dir='ltr'><strong>opulenti</strong></span> <span class='ocrx_word' id='word_1_62' title='bbox 709 958 810 998; x_wconf 89' lang='lat' dir='ltr'><strong>estis</strong></span> <span class='ocrx_word' id='word_1_63' title='bbox 838 958 880 997; x_wconf 91' lang='lat' dir='ltr'><strong>in</strong></span> <span class='ocrx_word' id='word_1_64' title='bbox 912 957 1027 1005; x_wconf 84' lang='lat' dir='ltr'><strong>Sion,</strong></span> <span class='ocrx_word' id='word_1_65' title='bbox 1056 965 1097 997; x_wconf 87' lang='lat' dir='ltr'><strong>et</strong></span> <span class='ocrx_word' id='word_1_66' title='bbox 1124 956 1335 997; x_wconf 90' lang='lat' dir='ltr'><strong>confiditis</strong></span> <span class='ocrx_word' id='word_1_67' title='bbox 1365 957 1408 997; x_wconf 92' lang='lat' dir='ltr'><strong>in</strong></span> <span class='ocrx_word' id='word_1_68' title='bbox 1435 963 1578 997; x_wconf 86' lang='lat' dir='ltr'><strong>monte</strong></span> <span class='ocrx_word' id='word_1_69' title='bbox 1609 955 1839 1003; x_wconf 83' lang='lat' dir='ltr'><strong>Samariae,</strong></span> 
     </span>
     <span class='ocr_line' id='line_1_9' title="bbox 193 1021 1840 1077; baseline -0.003 -11"><span class='ocrx_word' id='word_1_70' title='bbox 193 1025 419 1077; x_wconf 85' lang='lat' dir='ltr'><strong>optimates</strong></span> <span class='ocrx_word' id='word_1_71' title='bbox 446 1024 585 1076; x_wconf 86' lang='lat' dir='ltr'><strong>capita</strong></span> <span class='ocrx_word' id='word_1_72' title='bbox 608 1026 878 1076; x_wconf 89' lang='lat' dir='ltr'><strong>populorum,</strong></span> <span class='ocrx_word' id='word_1_73' title='bbox 903 1024 1190 1076; x_wconf 87' lang='lat' dir='ltr'><strong>ingredientes</strong></span> <span class='ocrx_word' id='word_1_74' title='bbox 1216 1023 1456 1075; x_wconf 88' lang='lat' dir='ltr'><strong>pompatice</strong></span> <span class='ocrx_word' id='word_1_75' title='bbox 1483 1024 1659 1062; x_wconf 91' lang='lat' dir='ltr'><strong>domum</strong></span> <span class='ocrx_word' id='word_1_76' title='bbox 1685 1021 1840 1062; x_wconf 89' lang='lat' dir='ltr'><strong>Israel!</strong></span> 
     </span>
     <span class='ocr_line' id='line_1_10' title="bbox 192 1090 1841 1143; baseline -0.003 -9"><span class='ocrx_word' id='word_1_77' title='bbox 192 1094 391 1134; x_wconf 87' lang='lat' dir='ltr'><strong>Transite</strong></span> <span class='ocrx_word' id='word_1_78' title='bbox 422 1093 464 1133; x_wconf 92' lang='lat' dir='ltr'><strong>in</strong></span> <span class='ocrx_word' id='word_1_79' title='bbox 496 1092 727 1141; x_wconf 87' lang='lat' dir='ltr'><strong>Chalanne,</strong></span> <span class='ocrx_word' id='word_1_80' title='bbox 759 1099 799 1134; x_wconf 90' lang='lat' dir='ltr'><strong>et</strong></span> <span class='ocrx_word' id='word_1_81' title='bbox 828 1092 981 1142; x_wconf 86' lang='lat' dir='ltr'><strong>videte,</strong></span> <span class='ocrx_word' id='word_1_82' title='bbox 1014 1099 1055 1133; x_wconf 93' lang='lat' dir='ltr'><strong>et</strong></span> <span class='ocrx_word' id='word_1_83' title='bbox 1084 1093 1138 1132; x_wconf 90' lang='lat' dir='ltr'><strong>ite</strong></span> <span class='ocrx_word' id='word_1_84' title='bbox 1171 1091 1267 1132; x_wconf 90' lang='lat' dir='ltr'><strong>inde</strong></span> <span class='ocrx_word' id='word_1_85' title='bbox 1300 1091 1342 1131; x_wconf 89' lang='lat' dir='ltr'><strong>in</strong></span> <span class='ocrx_word' id='word_1_86' title='bbox 1372 1090 1528 1131; x_wconf 88' lang='lat' dir='ltr'><strong>Emath</strong></span> <span class='ocrx_word' id='word_1_87' title='bbox 1558 1104 1770 1143; x_wconf 88' lang='lat' dir='ltr'><strong>magnam,</strong></span> <span class='ocrx_word' id='word_1_88' title='bbox 1801 1096 1841 1130; x_wconf 89' lang='lat' dir='ltr'><strong>et</strong></span> 
     </span>
     <span class='ocr_line' id='line_1_11' title="bbox 193 1157 1841 1210; baseline -0.003 -8"><span class='ocrx_word' id='word_1_89' title='bbox 193 1159 435 1202; x_wconf 86' lang='lat' dir='ltr'><strong>descendite</strong></span> <span class='ocrx_word' id='word_1_90' title='bbox 475 1161 517 1200; x_wconf 90' lang='lat' dir='ltr'><strong>in</strong></span> <span class='ocrx_word' id='word_1_91' title='bbox 558 1160 668 1201; x_wconf 87' lang='lat' dir='ltr'><strong>Geth</strong></span> <span class='ocrx_word' id='word_1_92' title='bbox 710 1160 1064 1207; x_wconf 83' lang='lat' dir='ltr'><strong>Palaestinorum,</strong></span> <span class='ocrx_word' id='word_1_93' title='bbox 1105 1167 1146 1200; x_wconf 89' lang='lat' dir='ltr'><strong>et</strong></span> <span class='ocrx_word' id='word_1_94' title='bbox 1185 1159 1239 1200; x_wconf 94' lang='lat' dir='ltr'><strong>ad</strong></span> <span class='ocrx_word' id='word_1_95' title='bbox 1277 1157 1440 1210; x_wconf 88' lang='lat' dir='ltr'><strong>optima</strong></span> <span class='ocrx_word' id='word_1_96' title='bbox 1479 1171 1671 1210; x_wconf 85' lang='lat' dir='ltr'><strong>quaeque</strong></span> <span class='ocrx_word' id='word_1_97' title='bbox 1712 1171 1841 1210; x_wconf 85' lang='lat' dir='ltr'><strong>regna</strong></span> 
     </span>
     <span class='ocr_line' id='line_1_12' title="bbox 194 1225 1841 1278; baseline -0.002 -9"><span class='ocrx_word' id='word_1_98' title='bbox 194 1230 361 1277; x_wconf 91' lang='lat' dir='ltr'><strong>horum,</strong></span> <span class='ocrx_word' id='word_1_99' title='bbox 391 1229 425 1269; x_wconf 90' lang='lat' dir='ltr'><strong>si</strong></span> <span class='ocrx_word' id='word_1_100' title='bbox 454 1229 581 1269; x_wconf 88' lang='lat' dir='ltr'><strong>latior</strong></span> <span class='ocrx_word' id='word_1_101' title='bbox 606 1229 814 1268; x_wconf 86' lang='lat' dir='ltr'><strong>terminus</strong></span> <span class='ocrx_word' id='word_1_102' title='bbox 844 1241 991 1268; x_wconf 88' lang='lat' dir='ltr'><strong>eorum</strong></span> <span class='ocrx_word' id='word_1_103' title='bbox 1021 1227 1202 1267; x_wconf 87' lang='lat' dir='ltr'><strong>termino</strong></span> <span class='ocrx_word' id='word_1_104' title='bbox 1232 1234 1375 1267; x_wconf 87' lang='lat' dir='ltr'><strong>vestro</strong></span> <span class='ocrx_word' id='word_1_105' title='bbox 1405 1234 1480 1267; x_wconf 89' lang='lat' dir='ltr'><strong>est.</strong></span> <span class='ocrx_word' id='word_1_106' title='bbox 1540 1226 1628 1278; x_wconf 72' lang='lat' dir='ltr'><strong>Qui</strong></span> <span class='ocrx_word' id='word_1_107' title='bbox 1658 1225 1841 1277; x_wconf 85' lang='lat' dir='ltr'><strong>separati</strong></span> 
     </span>
     <span class='ocr_line' id='line_1_13' title="bbox 196 1292 1843 1346; baseline -0.004 -9"><span class='ocrx_word' id='word_1_108' title='bbox 196 1297 296 1337; x_wconf 90' lang='lat' dir='ltr'><strong>estis</strong></span> <span class='ocrx_word' id='word_1_109' title='bbox 316 1297 357 1336; x_wconf 89' lang='lat' dir='ltr'><strong>in</strong></span> <span class='ocrx_word' id='word_1_110' title='bbox 375 1296 491 1337; x_wconf 87' lang='lat' dir='ltr'><strong>diem</strong></span> <span class='ocrx_word' id='word_1_111' title='bbox 508 1296 680 1343; x_wconf 88' lang='lat' dir='ltr'><strong>malum,</strong></span> <span class='ocrx_word' id='word_1_112' title='bbox 700 1302 740 1336; x_wconf 90' lang='lat' dir='ltr'><strong>et</strong></span> <span class='ocrx_word' id='word_1_113' title='bbox 759 1293 1110 1346; x_wconf 86' lang='lat' dir='ltr'><strong>appropinquatis</strong></span> <span class='ocrx_word' id='word_1_114' title='bbox 1131 1294 1235 1334; x_wconf 90' lang='lat' dir='ltr'><strong>solio</strong></span> <span class='ocrx_word' id='word_1_115' title='bbox 1257 1293 1504 1345; x_wconf 86' lang='lat' dir='ltr'><strong>iniquitatis.</strong></span> <span class='ocrx_word' id='word_1_116' title='bbox 1540 1293 1628 1345; x_wconf 75' lang='lat' dir='ltr'><strong>Qui</strong></span> <span class='ocrx_word' id='word_1_117' title='bbox 1647 1292 1843 1333; x_wconf 89' lang='lat' dir='ltr'><strong>dormitis</strong></span> 
     </span>
     <span class='ocr_line' id='line_1_14' title="bbox 193 1360 1844 1412; baseline -0.003 -8"><span class='ocrx_word' id='word_1_118' title='bbox 193 1364 234 1404; x_wconf 84' lang='lat' dir='ltr'><strong>in</strong></span> <span class='ocrx_word' id='word_1_119' title='bbox 257 1363 376 1404; x_wconf 89' lang='lat' dir='ltr'><strong>lectis</strong></span> <span class='ocrx_word' id='word_1_120' title='bbox 398 1363 606 1410; x_wconf 84' lang='lat' dir='ltr'><strong>eburneis,</strong></span> <span class='ocrx_word' id='word_1_121' title='bbox 631 1369 671 1403; x_wconf 93' lang='lat' dir='ltr'><strong>et</strong></span> <span class='ocrx_word' id='word_1_122' title='bbox 692 1362 894 1403; x_wconf 85' lang='lat' dir='ltr'><strong>lascivitis</strong></span> <span class='ocrx_word' id='word_1_123' title='bbox 916 1363 958 1402; x_wconf 92' lang='lat' dir='ltr'><strong>in</strong></span> <span class='ocrx_word' id='word_1_124' title='bbox 983 1363 1125 1402; x_wconf 89' lang='lat' dir='ltr'><strong>stratis</strong></span> <span class='ocrx_word' id='word_1_125' title='bbox 1148 1361 1324 1402; x_wconf 85' lang='lat' dir='ltr'><strong>vestris:</strong></span> <span class='ocrx_word' id='word_1_126' title='bbox 1347 1362 1418 1412; x_wconf 90' lang='lat' dir='ltr'><strong>qui</strong></span> <span class='ocrx_word' id='word_1_127' title='bbox 1442 1360 1664 1401; x_wconf 86' lang='lat' dir='ltr'><strong>comeditis</strong></span> <span class='ocrx_word' id='word_1_128' title='bbox 1686 1373 1844 1412; x_wconf 88' lang='lat' dir='ltr'><strong>agnum</strong></span> 
     </span>
     <span class='ocr_line' id='line_1_15' title="bbox 195 1427 1842 1483; baseline -0.003 -12"><span class='ocrx_word' id='word_1_129' title='bbox 195 1431 246 1471; x_wconf 81' lang='lat' dir='ltr'><strong>de</strong></span> <span class='ocrx_word' id='word_1_130' title='bbox 268 1444 407 1483; x_wconf 86' lang='lat' dir='ltr'><strong>grege,</strong></span> <span class='ocrx_word' id='word_1_131' title='bbox 429 1436 470 1471; x_wconf 93' lang='lat' dir='ltr'><strong>et</strong></span> <span class='ocrx_word' id='word_1_132' title='bbox 488 1430 644 1470; x_wconf 91' lang='lat' dir='ltr'><strong>vitulos</strong></span> <span class='ocrx_word' id='word_1_133' title='bbox 666 1429 717 1470; x_wconf 91' lang='lat' dir='ltr'><strong>de</strong></span> <span class='ocrx_word' id='word_1_134' title='bbox 735 1429 877 1469; x_wconf 90' lang='lat' dir='ltr'><strong>medio</strong></span> <span class='ocrx_word' id='word_1_135' title='bbox 897 1429 1100 1469; x_wconf 86' lang='lat' dir='ltr'><strong>armenti:</strong></span> <span class='ocrx_word' id='word_1_136' title='bbox 1123 1429 1194 1479; x_wconf 89' lang='lat' dir='ltr'><strong>qui</strong></span> <span class='ocrx_word' id='word_1_137' title='bbox 1216 1427 1365 1468; x_wconf 88' lang='lat' dir='ltr'><strong>canitis</strong></span> <span class='ocrx_word' id='word_1_138' title='bbox 1387 1428 1440 1468; x_wconf 90' lang='lat' dir='ltr'><strong>ad</strong></span> <span class='ocrx_word' id='word_1_139' title='bbox 1462 1441 1611 1468; x_wconf 90' lang='lat' dir='ltr'><strong>vocem</strong></span> <span class='ocrx_word' id='word_1_140' title='bbox 1634 1427 1842 1467; x_wconf 84' lang='lat' dir='ltr'><strong>Psalterii.</strong></span> 
     </span>
     <span class='ocr_line' id='line_1_16' title="bbox 199 1493 1844 1547; baseline -0.002 -10"><span class='ocrx_word' id='word_1_141' title='bbox 199 1496 320 1537; x_wconf 87' lang='lat' dir='ltr'><strong>Sicut</strong></span> <span class='ocrx_word' id='word_1_142' title='bbox 349 1496 491 1538; x_wconf 91' lang='lat' dir='ltr'><strong>David</strong></span> <span class='ocrx_word' id='word_1_143' title='bbox 520 1502 778 1547; x_wconf 87' lang='lat' dir='ltr'><strong>putaverunt</strong></span> <span class='ocrx_word' id='word_1_144' title='bbox 806 1510 850 1536; x_wconf 91' lang='lat' dir='ltr'><strong>se</strong></span> <span class='ocrx_word' id='word_1_145' title='bbox 878 1495 1034 1536; x_wconf 91' lang='lat' dir='ltr'><strong>habere</strong></span> <span class='ocrx_word' id='word_1_146' title='bbox 1062 1510 1165 1536; x_wconf 88' lang='lat' dir='ltr'><strong>vasa</strong></span> <span class='ocrx_word' id='word_1_147' title='bbox 1194 1493 1369 1544; x_wconf 86' lang='lat' dir='ltr'><strong>cantici;</strong></span> <span class='ocrx_word' id='word_1_148' title='bbox 1399 1494 1588 1534; x_wconf 90' lang='lat' dir='ltr'><strong>bibentes</strong></span> <span class='ocrx_word' id='word_1_149' title='bbox 1620 1493 1662 1534; x_wconf 89' lang='lat' dir='ltr'><strong>in</strong></span> <span class='ocrx_word' id='word_1_150' title='bbox 1693 1493 1844 1545; x_wconf 87' lang='lat' dir='ltr'><strong>phialis</strong></span> 
     </span>
     <span class='ocr_line' id='line_1_17' title="bbox 195 1561 1844 1616; baseline -0.002 -11"><span class='ocrx_word' id='word_1_151' title='bbox 195 1563 355 1613; x_wconf 90' lang='lat' dir='ltr'><strong>vinum,</strong></span> <span class='ocrx_word' id='word_1_152' title='bbox 383 1570 422 1606; x_wconf 90' lang='lat' dir='ltr'><strong>et</strong></span> <span class='ocrx_word' id='word_1_153' title='bbox 447 1563 609 1615; x_wconf 91' lang='lat' dir='ltr'><strong>optimo</strong></span> <span class='ocrx_word' id='word_1_154' title='bbox 633 1571 850 1616; x_wconf 89' lang='lat' dir='ltr'><strong>unguento</strong></span> <span class='ocrx_word' id='word_1_155' title='bbox 877 1563 1074 1604; x_wconf 88' lang='lat' dir='ltr'><strong>delibuti:</strong></span> <span class='ocrx_word' id='word_1_156' title='bbox 1102 1570 1142 1604; x_wconf 91' lang='lat' dir='ltr'><strong>et</strong></span> <span class='ocrx_word' id='word_1_157' title='bbox 1167 1562 1270 1602; x_wconf 89' lang='lat' dir='ltr'><strong>nihil</strong></span> <span class='ocrx_word' id='word_1_158' title='bbox 1297 1561 1569 1614; x_wconf 89' lang='lat' dir='ltr'><strong>patiebantur</strong></span> <span class='ocrx_word' id='word_1_159' title='bbox 1594 1574 1720 1613; x_wconf 88' lang='lat' dir='ltr'><strong>super</strong></span> <span class='ocrx_word' id='word_1_160' title='bbox 1747 1574 1844 1601; x_wconf 89' lang='lat' dir='ltr'><strong>con-</strong></span> 
     </span>
     <span class='ocr_line' id='line_1_18' title="bbox 193 1629 1502 1684; baseline -0.002 -11"><span class='ocrx_word' id='word_1_161' title='bbox 193 1633 364 1673; x_wconf 90' lang='lat' dir='ltr'><strong>tritione</strong></span> <span class='ocrx_word' id='word_1_162' title='bbox 387 1633 558 1684; x_wconf 87' lang='lat' dir='ltr'><strong>Joseph.</strong></span> <span class='ocrx_word' id='word_1_163' title='bbox 626 1632 784 1683; x_wconf 88' lang='lat' dir='ltr'><strong>(Amos</strong></span> <span class='ocrx_word' id='word_1_164' title='bbox 808 1632 885 1680; x_wconf 77' lang='lat' dir='ltr'><strong>VI,</strong></span> <span class='ocrx_word' id='word_1_165' title='bbox 915 1631 1019 1683; x_wconf 84' lang='lat'>1-6.)</span> <span class='ocrx_word' id='word_1_166' title='bbox 1049 1631 1099 1671; x_wconf 89' lang='lat' dir='ltr'><strong>D.</strong></span> <span class='ocrx_word' id='word_1_167' title='bbox 1126 1631 1178 1672; x_wconf 89' lang='lat' dir='ltr'><strong>D.</strong></span> <span class='ocrx_word' id='word_1_168' title='bbox 1205 1630 1248 1671; x_wconf 86' lang='lat' dir='ltr'><strong>C.</strong></span> <span class='ocrx_word' id='word_1_169' title='bbox 1276 1630 1352 1674; x_wconf 77' lang='lat' dir='ltr'><strong>IV.</strong></span> <span class='ocrx_word' id='word_1_170' title='bbox 1377 1640 1412 1681; x_wconf 90' lang='lat'><strong>7.</strong></span> <span class='ocrx_word' id='word_1_171' title='bbox 1442 1629 1502 1671; x_wconf 78' lang='lat'><strong>16.</strong></span> 
     </span>
    </p>
   </div>
   <div class='ocr_carea' id='block_1_6' title="bbox 360 1754 1379 2143">
    <p class='ocr_par' dir='ltr' id='par_1_6' title="bbox 360 1754 1379 2143">
     <span class='ocr_line' id='line_1_19' title="bbox 360 1754 797 1795; baseline -0.002 0"><span class='ocrx_word' id='word_1_172' title='bbox 360 1768 396 1795; x_wconf 86' lang='lat' dir='ltr'><strong>a.</strong></span> <span class='ocrx_word' id='word_1_173' title='bbox 456 1754 549 1794; x_wconf 89' lang='lat' dir='ltr'><strong>The</strong></span> <span class='ocrx_word' id='word_1_174' title='bbox 575 1754 797 1794; x_wconf 89' lang='lat' dir='ltr'><strong>invective.</strong></span> 
     </span>
     <span class='ocr_line' id='line_1_20' title="bbox 457 1819 1204 1873; baseline -0.003 -12"><span class='ocrx_word' id='word_1_175' title='bbox 457 1821 550 1862; x_wconf 86' lang='lat' dir='ltr'><strong>Vae</strong></span> <span class='ocrx_word' id='word_1_176' title='bbox 576 1820 648 1873; x_wconf 92' lang='lat' dir='ltr'><strong>qui</strong></span> <span class='ocrx_word' id='word_1_177' title='bbox 673 1821 862 1872; x_wconf 88' lang='lat' dir='ltr'><strong>opulenti</strong></span> <span class='ocrx_word' id='word_1_178' title='bbox 889 1821 990 1861; x_wconf 89' lang='lat' dir='ltr'><strong>estis</strong></span> <span class='ocrx_word' id='word_1_179' title='bbox 1016 1819 1059 1860; x_wconf 92' lang='lat' dir='ltr'><strong>in</strong></span> <span class='ocrx_word' id='word_1_180' title='bbox 1088 1820 1204 1867; x_wconf 91' lang='lat' dir='ltr'><strong>Sion,</strong></span> 
     </span>
     <span class='ocr_line' id='line_1_21' title="bbox 459 1887 1212 1935; baseline -0.001 -6"><span class='ocrx_word' id='word_1_181' title='bbox 459 1895 499 1929; x_wconf 92' lang='lat' dir='ltr'><strong>et</strong></span> <span class='ocrx_word' id='word_1_182' title='bbox 519 1887 730 1930; x_wconf 90' lang='lat' dir='ltr'><strong>confiditis</strong></span> <span class='ocrx_word' id='word_1_183' title='bbox 752 1889 794 1928; x_wconf 91' lang='lat' dir='ltr'><strong>in</strong></span> <span class='ocrx_word' id='word_1_184' title='bbox 814 1894 958 1929; x_wconf 91' lang='lat' dir='ltr'><strong>monte</strong></span> <span class='ocrx_word' id='word_1_185' title='bbox 980 1888 1212 1935; x_wconf 88' lang='lat' dir='ltr'><strong>Samariae,</strong></span> 
     </span>
     <span class='ocr_line' id='line_1_22' title="bbox 457 1956 1131 2008; baseline -0.001 -12"><span class='ocrx_word' id='word_1_186' title='bbox 457 1957 684 2008; x_wconf 89' lang='lat' dir='ltr'><strong>optimates</strong></span> <span class='ocrx_word' id='word_1_187' title='bbox 705 1957 843 2008; x_wconf 90' lang='lat' dir='ltr'><strong>capita</strong></span> <span class='ocrx_word' id='word_1_188' title='bbox 862 1956 1131 2007; x_wconf 90' lang='lat' dir='ltr'><strong>populorum,</strong></span> 
     </span>
     <span class='ocr_line' id='line_1_23' title="bbox 456 2022 1379 2077; baseline -0.002 -13"><span class='ocrx_word' id='word_1_189' title='bbox 456 2025 741 2077; x_wconf 87' lang='lat' dir='ltr'><strong>ingredientes</strong></span> <span class='ocrx_word' id='word_1_190' title='bbox 764 2024 1002 2075; x_wconf 89' lang='lat' dir='ltr'><strong>pompatice</strong></span> <span class='ocrx_word' id='word_1_191' title='bbox 1026 2024 1201 2064; x_wconf 90' lang='lat' dir='ltr'><strong>domum</strong></span> <span class='ocrx_word' id='word_1_192' title='bbox 1224 2022 1379 2064; x_wconf 85' lang='lat' dir='ltr'><strong>Israel!</strong></span> 
     </span>
     <span class='ocr_line' id='line_1_24' title="bbox 457 2091 1080 2143; baseline 0 -12"><span class='ocrx_word' id='word_1_193' title='bbox 457 2091 499 2131; x_wconf 91' lang='lat' dir='ltr'><strong>A</strong></span> <span class='ocrx_word' id='word_1_194' title='bbox 518 2092 665 2143; x_wconf 88' lang='lat' dir='ltr'><strong>period</strong></span> <span class='ocrx_word' id='word_1_195' title='bbox 685 2091 733 2131; x_wconf 84' lang='lat' dir='ltr'><strong>of</strong></span> <span class='ocrx_word' id='word_1_196' title='bbox 757 2091 858 2131; x_wconf 84' lang='lat' dir='ltr'><strong>four</strong></span> <span class='ocrx_word' id='word_1_197' title='bbox 877 2091 1080 2132; x_wconf 88' lang='lat' dir='ltr'><strong>membra.</strong></span> 
     </span>
    </p>
   </div>
   <div class='ocr_carea' id='block_1_7' title="bbox 357 2179 1484 2704">
    <p class='ocr_par' dir='ltr' id='par_1_7' title="bbox 357 2179 1484 2704">
     <span class='ocr_line' id='line_1_25' title="bbox 357 2179 1071 2233; baseline 0 -12"><span class='ocrx_word' id='word_1_198' title='bbox 357 2180 394 2221; x_wconf 92' lang='lat' dir='ltr'><strong>b.</strong></span> <span class='ocrx_word' id='word_1_199' title='bbox 454 2180 639 2233; x_wconf 87' lang='lat' dir='ltr'><strong>Against</strong></span> <span class='ocrx_word' id='word_1_200' title='bbox 663 2181 774 2221; x_wconf 90' lang='lat' dir='ltr'><strong>their</strong></span> <span class='ocrx_word' id='word_1_201' title='bbox 799 2179 1071 2232; x_wconf 89' lang='lat' dir='ltr'><strong>ingratitude.</strong></span> 
     </span>
     <span class='ocr_line' id='line_1_26' title="bbox 454 2247 972 2296; baseline -0.002 -8"><span class='ocrx_word' id='word_1_202' title='bbox 454 2247 654 2288; x_wconf 89' lang='lat' dir='ltr'><strong>Transite</strong></span> <span class='ocrx_word' id='word_1_203' title='bbox 676 2247 719 2287; x_wconf 92' lang='lat' dir='ltr'><strong>in</strong></span> <span class='ocrx_word' id='word_1_204' title='bbox 741 2247 972 2296; x_wconf 84' lang='lat' dir='ltr'><strong>Chalanne‚</strong></span> 
     </span>
     <span class='ocr_line' id='line_1_27' title="bbox 455 2315 673 2363; baseline -0.005 -7"><span class='ocrx_word' id='word_1_205' title='bbox 455 2322 496 2356; x_wconf 90' lang='lat' dir='ltr'><strong>et</strong></span> <span class='ocrx_word' id='word_1_206' title='bbox 518 2315 673 2363; x_wconf 90' lang='lat' dir='ltr'><strong>videte,</strong></span> 
     </span>
     <span class='ocr_line' id='line_1_28' title="bbox 459 2383 1209 2434; baseline -0.003 -11"><span class='ocrx_word' id='word_1_207' title='bbox 459 2390 499 2423; x_wconf 90' lang='lat' dir='ltr'><strong>et</strong></span> <span class='ocrx_word' id='word_1_208' title='bbox 529 2383 584 2423; x_wconf 93' lang='lat' dir='ltr'><strong>ite</strong></span> <span class='ocrx_word' id='word_1_209' title='bbox 613 2383 710 2423; x_wconf 91' lang='lat' dir='ltr'><strong>inde</strong></span> <span class='ocrx_word' id='word_1_210' title='bbox 739 2383 781 2422; x_wconf 92' lang='lat' dir='ltr'><strong>in</strong></span> <span class='ocrx_word' id='word_1_211' title='bbox 810 2383 968 2422; x_wconf 89' lang='lat' dir='ltr'><strong>Emath</strong></span> <span class='ocrx_word' id='word_1_212' title='bbox 997 2395 1209 2434; x_wconf 85' lang='lat' dir='ltr'><strong>magnam,</strong></span> 
     </span>
     <span class='ocr_line' id='line_1_29' title="bbox 452 2448 1330 2497; baseline -0.002 -7"><span class='ocrx_word' id='word_1_213' title='bbox 452 2457 494 2491; x_wconf 91' lang='lat' dir='ltr'><strong>et</strong></span> <span class='ocrx_word' id='word_1_214' title='bbox 516 2450 757 2491; x_wconf 89' lang='lat' dir='ltr'><strong>descendite</strong></span> <span class='ocrx_word' id='word_1_215' title='bbox 780 2450 821 2490; x_wconf 93' lang='lat' dir='ltr'><strong>in</strong></span> <span class='ocrx_word' id='word_1_216' title='bbox 845 2449 954 2490; x_wconf 89' lang='lat' dir='ltr'><strong>Geth</strong></span> <span class='ocrx_word' id='word_1_217' title='bbox 977 2448 1330 2497; x_wconf 75' lang='lat' dir='ltr'><strong>palaestinorum,</strong></span> 
     </span>
     <span class='ocr_line' id='line_1_30' title="bbox 454 2515 1315 2569; baseline -0.005 -11"><span class='ocrx_word' id='word_1_218' title='bbox 454 2522 496 2558; x_wconf 93' lang='lat' dir='ltr'><strong>et</strong></span> <span class='ocrx_word' id='word_1_219' title='bbox 519 2517 574 2558; x_wconf 93' lang='lat' dir='ltr'><strong>ad</strong></span> <span class='ocrx_word' id='word_1_220' title='bbox 594 2515 756 2568; x_wconf 87' lang='lat' dir='ltr'><strong>optima</strong></span> <span class='ocrx_word' id='word_1_221' title='bbox 779 2529 972 2568; x_wconf 89' lang='lat' dir='ltr'><strong>quaeque</strong></span> <span class='ocrx_word' id='word_1_222' title='bbox 995 2529 1125 2569; x_wconf 86' lang='lat' dir='ltr'><strong>regna</strong></span> <span class='ocrx_word' id='word_1_223' title='bbox 1149 2515 1315 2564; x_wconf 89' lang='lat' dir='ltr'><strong>horum,</strong></span> 
     </span>
     <span class='ocr_line' id='line_1_31' title="bbox 454 2581 1484 2625; baseline -0.002 0"><span class='ocrx_word' id='word_1_224' title='bbox 454 2585 489 2625; x_wconf 91' lang='lat' dir='ltr'><strong>si</strong></span> <span class='ocrx_word' id='word_1_225' title='bbox 508 2585 633 2625; x_wconf 90' lang='lat' dir='ltr'><strong>latior</strong></span> <span class='ocrx_word' id='word_1_226' title='bbox 651 2584 858 2625; x_wconf 90' lang='lat' dir='ltr'><strong>terminus</strong></span> <span class='ocrx_word' id='word_1_227' title='bbox 878 2596 1027 2624; x_wconf 91' lang='lat' dir='ltr'><strong>eorum</strong></span> <span class='ocrx_word' id='word_1_228' title='bbox 1044 2581 1226 2624; x_wconf 87' lang='lat' dir='ltr'><strong>termino</strong></span> <span class='ocrx_word' id='word_1_229' title='bbox 1246 2588 1388 2623; x_wconf 89' lang='lat' dir='ltr'><strong>vestro</strong></span> <span class='ocrx_word' id='word_1_230' title='bbox 1409 2588 1484 2623; x_wconf 88' lang='lat' dir='ltr'><strong>est.</strong></span> 
     </span>
     <span class='ocr_line' id='line_1_32' title="bbox 455 2650 1440 2704; baseline -0.001 -13"><span class='ocrx_word' id='word_1_231' title='bbox 455 2652 496 2691; x_wconf 89' lang='lat' dir='ltr'>A</span> <span class='ocrx_word' id='word_1_232' title='bbox 516 2651 666 2704; x_wconf 90' lang='lat' dir='ltr'><strong>period</strong></span> <span class='ocrx_word' id='word_1_233' title='bbox 687 2652 735 2693; x_wconf 64' lang='grc' dir='ltr'><strong>οἱ</strong></span> <span class='ocrx_word' id='word_1_234' title='bbox 757 2658 842 2693; x_wconf 86' lang='lat' dir='ltr'><strong>two</strong></span> <span class='ocrx_word' id='word_1_235' title='bbox 864 2665 986 2692; x_wconf 89' lang='lat' dir='ltr'><strong>caesa</strong></span> <span class='ocrx_word' id='word_1_236' title='bbox 1007 2651 1091 2692; x_wconf 91' lang='lat' dir='ltr'><strong>and</strong></span> <span class='ocrx_word' id='word_1_237' title='bbox 1116 2650 1217 2692; x_wconf 80' lang='lat' dir='ltr'><strong>four</strong></span> <span class='ocrx_word' id='word_1_238' title='bbox 1236 2650 1440 2691; x_wconf 90' lang='lat' dir='ltr'><strong>membra.</strong></span> 
     </span>
    </p>
   </div>
   <div class='ocr_carea' id='block_1_8' title="bbox 357 2740 1300 2993">
    <p class='ocr_par' dir='ltr' id='par_1_8' title="bbox 357 2740 1300 2993">
     <span class='ocr_line' id='line_1_33' title="bbox 357 2740 1300 2791; baseline -0.001 -10"><span class='ocrx_word' id='word_1_239' title='bbox 357 2754 391 2781; x_wconf 89' lang='lat' dir='ltr'><strong>c.</strong></span> <span class='ocrx_word' id='word_1_240' title='bbox 450 2741 809 2781; x_wconf 90' lang='lat' dir='ltr'><strong>Announcement</strong></span> <span class='ocrx_word' id='word_1_241' title='bbox 835 2741 883 2781; x_wconf 75' lang='lat' dir='ltr'><strong>of</strong></span> <span class='ocrx_word' id='word_1_242' title='bbox 911 2741 1056 2781; x_wconf 84' lang='lat' dir='ltr'><strong>future</strong></span> <span class='ocrx_word' id='word_1_243' title='bbox 1083 2740 1300 2791; x_wconf 82' lang='lat' dir='ltr'><strong>captivity.</strong></span> 
     </span>
     <span class='ocr_line' id='line_1_34' title="bbox 456 2806 1249 2859; baseline -0.003 -11"><span class='ocrx_word' id='word_1_244' title='bbox 456 2807 543 2859; x_wconf 78' lang='lat' dir='ltr'><strong>Qui</strong></span> <span class='ocrx_word' id='word_1_245' title='bbox 563 2808 746 2859; x_wconf 87' lang='lat' dir='ltr'><strong>separati</strong></span> <span class='ocrx_word' id='word_1_246' title='bbox 767 2806 866 2850; x_wconf 90' lang='lat' dir='ltr'><strong>estis</strong></span> <span class='ocrx_word' id='word_1_247' title='bbox 886 2808 929 2847; x_wconf 92' lang='lat' dir='ltr'><strong>in</strong></span> <span class='ocrx_word' id='word_1_248' title='bbox 947 2806 1060 2847; x_wconf 93' lang='lat' dir='ltr'><strong>diem</strong></span> <span class='ocrx_word' id='word_1_249' title='bbox 1077 2807 1249 2854; x_wconf 91' lang='lat' dir='ltr'><strong>malum,</strong></span> 
     </span>
     <span class='ocr_line' id='line_1_35' title="bbox 457 2874 1269 2926; baseline 0 -12"><span class='ocrx_word' id='word_1_250' title='bbox 457 2884 498 2915; x_wconf 91' lang='lat' dir='ltr'><strong>et</strong></span> <span class='ocrx_word' id='word_1_251' title='bbox 520 2876 870 2926; x_wconf 84' lang='lat' dir='ltr'><strong>appropinquatis</strong></span> <span class='ocrx_word' id='word_1_252' title='bbox 895 2875 999 2915; x_wconf 91' lang='lat' dir='ltr'><strong>solio</strong></span> <span class='ocrx_word' id='word_1_253' title='bbox 1022 2874 1269 2926; x_wconf 88' lang='lat' dir='ltr'><strong>iniquitatis.</strong></span> 
     </span>
     <span class='ocr_line' id='line_1_36' title="bbox 455 2941 1083 2993; baseline 0.002 -12"><span class='ocrx_word' id='word_1_254' title='bbox 455 2941 496 2981; x_wconf 89' lang='lat' dir='ltr'><strong>A</strong></span> <span class='ocrx_word' id='word_1_255' title='bbox 520 2941 669 2993; x_wconf 91' lang='lat' dir='ltr'><strong>period</strong></span> <span class='ocrx_word' id='word_1_256' title='bbox 693 2942 743 2981; x_wconf 84' lang='lat' dir='ltr'><strong>of</strong></span> <span class='ocrx_word' id='word_1_257' title='bbox 770 2949 857 2982; x_wconf 88' lang='lat' dir='ltr'><strong>two</strong></span> <span class='ocrx_word' id='word_1_258' title='bbox 882 2941 1083 2982; x_wconf 90' lang='lat' dir='ltr'><strong>membra.</strong></span> 
     </span>
    </p>
   </div>
  </div>
 </body>
</html>
