2276 3519
350 268 404 308 26
444 269 635 310 CICERo's
664 282 929 311 INFLUENCE
956 283 1077 312 UPON
1104 273 1403 314 AUGUSTINE’S
1428 286 1699 315 ORATORICAL
1727 287 1906 316 THEORY

435 405 618 444 Interest
639 405 749 445 enim
770 405 884 456 quod
904 419 1038 457 genus
1060 405 1127 445 cui
1148 407 1291 458 generi
1314 408 1621 459 interponatur,
1643 409 1710 449 vel
1732 409 1995 458 adhibeatur,

350 469 474 511 certis
495 477 534 512 et
553 470 802 512 necessariis
821 470 936 512 locis.
987 472 1101 512 Nam
1121 480 1160 513 et
1180 473 1221 513 in
1241 474 1393 526 grandi
1412 488 1565 527 genere
1586 489 1752 527 semper
1771 484 1843 518 aut
1863 490 1996 528 paene

350 552 517 589 semper
536 546 770 590 temperata
787 539 910 579 decet
930 553 1021 580 esse
1042 540 1261 591 principia.
1311 541 1367 581 Et
1387 542 1428 581 in
1448 550 1658 593 potestate
1676 551 1740 583 est
1761 544 1996 596 eloquentis

346 613 391 645 ut
414 606 610 645 dicantur
632 620 716 646 non
739 605 822 646 ulla
846 606 1065 656 submisse,
1091 607 1217 648 etiam
1239 621 1347 658 quae
1370 616 1542 659 possent
1565 611 1784 661 granditer
1806 611 1912 660 dici;
1949 617 1995 651 ut

347 686 393 712 ea
415 685 522 722 quae
546 673 745 712 dicuntur
764 674 996 725 granditer,
1020 688 1072 714 ex
1098 674 1266 714 illorum
1291 675 1392 716 fiant
1416 677 1731 726 comparatione
1751 679 1994 729 grandiora,

349 746 387 778 et
418 753 565 779 eorum
598 746 799 791 tanquam
832 740 993 780 umbris
1026 741 1303 782 luminosiora
1337 742 1582 783 reddantur.
1644 743 1693 783 In
1726 757 1994 796 quocumque

346 813 488 846 autem
520 820 674 858 genere
707 807 849 858 aliqua
882 807 1180 858 quaestionum
1212 807 1382 850 vincula
1418 810 1620 851 solvenda
1655 817 1765 859 sunt,
1801 813 1995 852 acumine

344 886 448 924 opus
477 881 551 922 est,
578 875 692 924 quod
718 875 795 915 sibi
823 875 1081 915 submissum
1107 888 1239 928 genus
1267 878 1438 928 proprie
1465 878 1664 918 vindicat.
1721 878 1785 918 Ac
1812 893 1887 930 per
1915 879 1994 919 hoc

344 955 394 982 eo
418 956 572 994 genere
599 943 803 983 utendum
830 951 891 983 est
918 951 958 984 et
983 944 1027 984 in
1051 945 1143 985 aliis
1170 945 1333 986 duobus
1362 945 1600 998 generibus,
1628 947 1798 997 quando
1826 947 1885 988 eis
1913 947 1993 988 ista

343 1008 558 1059 incidunt;
587 1009 694 1051 sicut
722 1012 987 1052 laudandum
1014 1012 1172 1063 aliquid
1201 1013 1266 1053 vel
1295 1014 1639 1065 vituperandum,
1669 1015 1739 1054 ubi
1769 1029 1845 1055 nec
1875 1016 1992 1056 dam—

341 1078 457 1118 natio
477 1079 731 1130 cujusquam
751 1093 827 1119 nec
848 1080 1053 1123 liberatio,
1072 1094 1147 1120 nec
1167 1081 1219 1120 ad
1239 1082 1450 1121 actionem
1469 1082 1698 1132 quamlibet
1717 1084 1907 1124 assensio
1929 1097 1992 1123 re-

340 1145 535 1195 quiritur,
559 1145 603 1184 in
628 1159 895 1197 quocumque
920 1147 1002 1187 alio
1027 1161 1181 1199 genere
1207 1149 1451 1196 occurrerit,
1478 1162 1611 1200 genus
1637 1149 1925 1190 adhibendum
1951 1156 1990 1190 et

343 1213 699 1264 interponendum
732 1221 795 1254 est
828 1221 1122 1265 temperatum.
1186 1216 1235 1254 In
1267 1216 1419 1267 grandi
1451 1230 1552 1268 ergo
1583 1229 1737 1268 genere
1769 1218 1990 1258 inveniunt

340 1279 456 1320 locos
481 1294 580 1320 suos
605 1281 689 1321 duo
713 1288 865 1328 cetera,
891 1289 930 1322 et
955 1282 996 1320 in
1022 1282 1232 1322 submisso
1258 1282 1461 1323 similiter.
1515 1284 1820 1335 Temperatum
1846 1292 1989 1325 autem

340 1361 473 1399 genus
495 1362 579 1387 non
601 1348 771 1399 quidem
794 1362 971 1399 semper,
996 1350 1068 1389 sed
1093 1356 1234 1389 tamen
1257 1350 1485 1401 aliquando
1509 1351 1719 1392 submisso
1743 1351 1915 1403 indiget,
1941 1352 1987 1399 si,

335 1420 381 1454 ut
401 1415 502 1464 dixi,
522 1413 714 1466 quaestio
734 1415 857 1467 cujus
875 1416 1012 1456 nodus
1032 1422 1093 1457 est
1113 1417 1353 1464 solvendus,
1373 1416 1586 1466 incurrat;
1606 1419 1672 1458 vel
1692 1419 1862 1469 quando
1881 1433 1985 1459 non—

334 1482 449 1522 nulla
473 1495 581 1533 quae
602 1484 747 1523 ornari
772 1490 958 1534 possent,
983 1484 1078 1524 ideo
1102 1499 1187 1525 non
1210 1492 1430 1534 ornantur,
1456 1485 1529 1526 sed
1555 1485 1764 1526 submisso
1790 1500 1983 1527 sermone

334 1549 546 1597 dicuntur,
580 1558 626 1591 ut
659 1550 914 1601 quibusdam
945 1551 1064 1602 quasi
1096 1553 1201 1592 toris
1235 1560 1586 1593 ornamentorum
1618 1553 1848 1605 praebeant
1882 1553 1983 1593 emi-

332 1618 569 1658 nentiorem
603 1618 756 1659 locum.
820 1619 991 1659 Grande
1025 1627 1169 1660 autem
1199 1633 1333 1672 genus
1367 1627 1601 1672 temperata
1636 1621 1767 1662 dictio
1799 1635 1884 1661 non
1919 1636 1982 1661 re-

332 1684 484 1736 quirit;
517 1687 570 1726 ad
601 1687 871 1727 delectandos
904 1686 1058 1738 quippe
1089 1689 1267 1736 animos,
1300 1701 1385 1728 non
1417 1689 1470 1728 ad
1501 1689 1735 1730 movendos
1768 1690 1858 1741 ipsa
1890 1702 1981 1730 sus-

336 1752 502 1804 cipitur.
568 1754 641 1805 (D.
671 1755 725 1793 D.
756 1754 800 1794 C.
832 1755 908 1803 IV,
937 1767 1001 1807 23.
1023 1757 1111 1806 52.)

416 1821 528 1861 That
556 1821 626 1862 the
655 1822 787 1862 above
813 1821 850 1862 is
879 1822 948 1863 the
975 1821 1181 1874 principle
1209 1823 1431 1875 employed
1458 1823 1512 1875 by
1541 1822 1691 1864 Cicero
1719 1839 1783 1865 we
1811 1824 1900 1864 find
1926 1838 1980 1864 on

335 1889 581 1941 examining
601 1889 666 1929 his
689 1904 785 1929 own
806 1891 1035 1942 testimony
1058 1891 1286 1942 regarding
1306 1891 1491 1939 himself,
1514 1905 1560 1931 as
1585 1891 1720 1932 t'ound
1744 1892 1785 1931 in
1810 1892 1982 1940 Orator,

334 1967 498 2006 29.102
532 1956 616 1996 and
657 1968 754 2008 103:
818 1958 929 1997 Tota
961 1957 1065 1997 mihi
1100 1971 1228 1998 causa
1261 1971 1340 2009 pro
1374 1958 1558 1998 Caecina
1591 1959 1643 1998 de
1677 1958 1818 1999 verbis
1855 1959 1983 1999 inter—

332 2023 431 2063 dicti
460 2022 564 2062 fuit:
607 2038 673 2064 res
700 2025 911 2065 involutas
938 2025 1179 2066 definiendo
1206 2025 1525 2076 explicavimus,
1553 2027 1618 2066 ius
1645 2027 1765 2066 civile
1791 2026 1981 2067 laudavi-

330 2102 438 2137 mus,
472 2090 602 2130 verba
633 2091 831 2143 ambigua
865 2090 1151 2132 distinximus.
1217 2092 1315 2132 Fuit
1348 2093 1565 2133 ornandus
1601 2092 1642 2132 in
1676 2092 1857 2134 Manilia
1890 2094 1981 2145 lege

333 2157 585 2208 Pompeius:
633 2164 869 2209 temperata
888 2160 1082 2200 oratione
1103 2159 1283 2200 ornandi
1306 2158 1471 2211 copiam
1491 2161 1702 2211 persecuti
1725 2173 1883 2201 sumus.
1909 2160 1981 2201 Ius

329 2239 454 2266 omne
483 2227 728 2267 retinendae
756 2227 988 2267 maiestatis
1018 2227 1181 2268 Rabirii
1212 2241 1338 2268 causa
1367 2228 1685 2268 continebatur:
1730 2242 1831 2281 ergo
1860 2229 1902 2268 in
1932 2243 1980 2269 ea

333 2292 448 2333 omni
478 2307 632 2344 genere
661 2294 1005 2345 amplificationis
1037 2292 1288 2335 exarsimus.
1349 2295 1409 2335 At
1441 2295 1544 2335 haec
1577 2295 1791 2335 interdum
1822 2302 1981 2346 tempe-

334 2360 468 2400 randa
496 2367 536 2400 et
563 2361 771 2401 varianda
799 2369 908 2401 sunt.
967 2361 1097 2413 Quod
1128 2362 1258 2413 igitur
1287 2361 1329 2402 in
1358 2363 1642 2402 accusationis
1673 2369 1833 2413 septem
1863 2362 1980 2402 libris

333 2441 418 2467 non
445 2427 656 2478 reperitur
680 2428 842 2480 genus?
870 2428 983 2480 quod
1012 2429 1053 2468 in
1082 2429 1231 2469 Habiti
1267 2429 1335 2480 (as
1365 2429 1434 2469 for
1462 2429 1664 2477 instance,
1697 2428 1818 2469 Plain
1850 2429 1978 2481 Style,

338 2493 436 2544 11½
471 2501 514 2534 to
546 2494 675 2546 59½;
706 2495 871 2535 Middle
905 2495 1034 2548 Style,
1071 2499 1200 2547 153—1—
1232 2503 1275 2536 to
1311 2498 1465 2547 Ι55-Ι-;
1499 2495 1645 2536 Grand
1676 2496 1793 2547 style,
1830 2506 1904 2547 195
1936 2502 1979 2536 to

329 2560 456 2613 end),
489 2562 603 2611 quod
635 2561 678 2601 in
711 2561 927 2603 Cornelii?
986 2564 1101 2614 quod
1135 2563 1176 2603 in
1208 2561 1402 2614 plurimis
1435 2564 1592 2604 nostris
1626 2562 1972 2603 defensionibus}

332 2642 440 2680 quae
468 2629 663 2680 exempla
692 2628 937 2682 seligissem,
968 2631 1049 2671 nisi
1077 2632 1142 2671 vel
1171 2638 1271 2671 nota
1299 2645 1390 2671 esse
1418 2630 1651 2671 arbitrarer
1677 2631 1744 2670 vel
1774 2630 1854 2682 ipsi
1881 2644 1979 2682 pos-

332 2703 423 2736 sent
462 2697 598 2748 legere
635 2698 706 2747 qui
743 2704 1006 2748 quaererent.
1076 2698 1205 2740 Nulla
1244 2705 1306 2739 est
1344 2699 1457 2740 enim
1492 2699 1578 2738 ullo
1617 2699 1658 2738 in
1695 2711 1848 2750 genere
1887 2699 1979 2738 laus

337 2762 588 2815 (oratoris),
620 2764 740 2804 cuius
773 2765 814 2804 in
845 2766 1003 2806 nostris
1032 2765 1297 2806 orationibus
1329 2779 1413 2806 non
1446 2765 1498 2806 sit
1529 2765 1670 2816 aliqua
1702 2765 1735 2805 si
1769 2779 1853 2805 non
1885 2778 1978 2816 per-

333 2828 476 2878 fectio,
497 2836 539 2871 at
559 2837 735 2871 conatus
754 2838 896 2872 tamen
917 2838 1043 2883 atque
1062 2831 1344 2873 adumbratio.
