2276 3519
517 208 815 251 AUGUSTINE’S
845 220 974 248 IDEAL
1003 219 1367 249 ECCLESIASTICAL
1395 218 1563 246 ORATOR
1838 218 1863 259 9

221 347 476 394 informabo,
521 345 658 398 qualis
703 346 886 386 fortasse
930 356 1054 385 nemo
1098 343 1192 383 fuit.
1268 343 1368 384 Non
1412 342 1523 382 enim
1568 355 1727 393 quaero
1771 341 1865 393 quis

221 415 364 463 fuerit,
415 414 488 454 sed
537 413 638 464 quid
687 412 740 453 sit
791 412 905 460 illud,
956 424 1039 462 quo
1089 410 1192 451 nihil
1242 424 1333 451 esse
1384 410 1517 461 possit
1566 409 1865 460 praestantius,

221 481 335 533 quod
385 481 426 520 in
475 480 758 532 perpetuitate
805 478 975 519 dicendi
1025 491 1108 518 non
1159 490 1283 528 saepe
1331 484 1458 528 atque
1509 476 1624 516 haud
1675 476 1762 515 seio
1812 489 1866 515 an

219 560 450 599 nunquam,
477 546 520 587 in
545 547 686 597 aliqua
712 552 856 587 autem
881 551 999 596 parte
1026 546 1188 585 eluceat
1213 543 1454 594 aliquando,
1484 543 1595 583 idem
1622 543 1734 594 apud
1762 540 1866 582 alios

223 616 408 663 densius,
441 615 554 666 apud
583 614 688 654 alios
720 614 903 654 fortasse
936 612 1085 652 rarius,
1148 611 1232 652 Sed
1262 624 1339 662 ego
1370 611 1427 650 sic
1458 616 1611 657 statuo,
1642 610 1746 649 nihil
1776 623 1867 649 esse

221 683 263 723 in
286 683 372 723 ullo
394 695 548 735 genere
569 688 656 722 tam
679 681 885 732 pulcrum,
909 691 993 729 quo
1017 691 1101 718 non
1126 676 1313 729 pulcrius
1337 678 1379 717 id
1404 675 1457 718 sit
1481 677 1593 717 unde
1617 676 1719 717 illud
1744 683 1789 716 ut
1814 690 1867 716 ex

223 764 296 791 ore
317 750 459 802 aliquo
479 749 599 800 quasi
621 747 759 799 imago
782 747 1069 798 exprimatur;
1091 745 1205 796 quod
1226 758 1362 796 neque
1383 745 1517 784 oculis
1538 758 1673 796 neque
1694 744 1868 784 auribus

221 830 358 868 neque
387 816 475 856 ullo
504 828 629 856 sensu
660 813 818 866 percipi
848 818 999 865 potest,
1032 812 1287 865 cogitatione
1318 817 1484 852 tantum
1514 818 1555 851 et
1585 818 1725 851 mente
1755 824 1868 850 corn-

223 884 459 937 plectimur.
508 882 815 922 Furthermore
836 881 888 922 he
909 880 942 921 is
964 888 1007 921 to
1027 880 1076 921 be
1098 879 1289 932 engaged
1308 880 1352 919 in
1374 880 1469 919 foro
1491 880 1714 930 causisque
1736 879 1868 918 civili-

221 952 312 999 bus,
333 949 472 990 which
492 949 650 990 defines
671 948 736 989 his
757 947 908 999 sphere
927 947 975 988 of
997 947 1149 988 action.
1200 947 1271 986 He
1290 945 1323 987 is
1343 945 1414 987 the
1435 946 1604 997 lawyer,
1627 946 1698 986 the
1720 952 1868 986 states-

221 1032 332 1059 man.
385 1017 505 1058 With
530 1016 750 1057 reference
774 1023 818 1056 to
843 1015 907 1056 his
934 1015 1166 1063 functions,
1193 1014 1234 1054 in
1258 1013 1323 1054 his
1348 1012 1505 1054 tribute
1530 1020 1572 1054 to
1598 1012 1667 1053 the
1692 1011 1869 1064 nobility

221 1086 269 1127 of
302 1085 372 1126 the
403 1092 481 1133 art,
515 1086 565 1125 he
597 1099 693 1136 says
726 1085 767 1123 in
798 1084 863 1124 De
898 1082 1017 1123 Orat.
1052 1084 1085 1131 I,
1116 1082 1153 1122 8.
1173 1094 1246 1134 31:
1294 1081 1412 1133 Quid
1442 1081 1554 1122 enim
1585 1089 1648 1121 est
1680 1087 1753 1122 aut
1784 1088 1871 1121 tam

220 1152 468 1194 admirabile
502 1165 631 1203 quam
663 1166 716 1191 ex
750 1150 915 1191 infinita
947 1149 1218 1190 multitudine
1252 1149 1474 1189 hominum
1507 1148 1689 1189 existere
1723 1160 1868 1195 unum,

224 1219 295 1272 qui
328 1219 382 1267 id,
415 1220 529 1271 quod
561 1219 757 1259 omnibus
788 1224 942 1258 natura
975 1217 1028 1257 sit
1057 1216 1218 1265 datum,
1251 1216 1317 1256 vel
1350 1216 1464 1256 solus
1495 1216 1561 1255 vel
1595 1229 1693 1255 cum
1723 1215 1871 1266 paucis

226 1287 368 1327 facere
389 1286 550 1338 possit?
575 1292 648 1326 aut
671 1292 758 1325 tam
781 1284 1014 1324 iucundum
1039 1284 1210 1335 cognitu
1233 1290 1360 1334 atque
1383 1282 1531 1322 auditu
1554 1296 1681 1333 quarn
1706 1281 1871 1333 sapien-

225 1354 336 1394 tibus
364 1353 583 1393 sententiis
610 1352 896 1404 gravibusque
922 1351 1062 1391 verbis
1090 1357 1241 1391 ornata
1267 1350 1403 1390 oratio
1431 1356 1472 1389 et
1498 1348 1656 1400 polita?
1683 1355 1758 1389 aut
1784 1356 1871 1388 tam

223 1427 373 1472 potens
402 1426 572 1470 tamque
599 1418 875 1471 magnifieum
903 1425 1033 1469 quam
1059 1416 1204 1469 populi
1233 1423 1386 1464 motus,
1418 1416 1607 1457 iudicum
1635 1414 1872 1468 religiones,

227 1494 396 1528 senatus
443 1487 697 1540 gravitatem
743 1485 869 1526 unius
915 1486 1108 1526 oratione
1154 1484 1372 1525 converti?
1447 1483 1565 1535 Quid
1611 1491 1699 1524 tam
1745 1496 1873 1534 porro

228 1556 403 1608 regium,
431 1563 517 1595 tam
545 1555 728 1602 liberale,
757 1561 844 1594 tam
870 1553 1119 1593 munificum
1148 1566 1276 1604 quam
1301 1565 1428 1604 opem
1456 1552 1569 1592 ferre
1598 1551 1872 1602 supplicibus,

226 1621 411 1663 excitare
441 1622 629 1670 afflictos,
662 1621 762 1662 dare
793 1621 985 1669 salutem,
1015 1618 1194 1660 liberare
1225 1619 1437 1671 periculis,
1470 1619 1651 1659 retinere
1682 1617 1874 1658 homines

226 1691 267 1733 in
307 1690 505 1731 civitate?
572 1687 690 1741 Quid
729 1696 872 1730 autem
908 1696 996 1729 tam
1034 1688 1321 1728 necessarium
1360 1699 1488 1738 quam
1526 1693 1670 1727 tenere
1709 1698 1875 1736 semper

226 1771 357 1807 arma,
382 1757 534 1809 quibus
559 1757 625 1797 vel
650 1763 786 1797 tectus
808 1757 898 1808 ipse
924 1770 1016 1796 esse
1039 1755 1177 1807 possis
1202 1756 1269 1796 vel
1294 1768 1529 1806 provocare
1555 1753 1717 1806 integer
1742 1754 1808 1794 vel
1832 1759 1874 1794 te

227 1825 372 1866 ulcisci
412 1824 660 1865 lacessitus?
727 1823 821 1876 Age
860 1837 974 1871 vero,
1014 1838 1066 1864 ne
1106 1836 1272 1874 semper
1313 1822 1459 1862 forum
1497 1821 1695 1863 subsellia
1736 1828 1875 1862 rostra

226 1893 470 1944 curiamque
493 1893 710 1941 meditere,
731 1891 832 1943 quid
855 1905 945 1932 esse
967 1898 1106 1943 potest
1127 1892 1169 1931 in
1190 1891 1278 1931 otio
1300 1896 1373 1931 aut
1395 1890 1622 1930 iucundius
1646 1896 1718 1931 aut
1739 1889 1874 1942 magis

227 1960 448 2011 proprium
471 1957 760 2006 humanitatis,
786 1971 913 2009 quam
939 1971 1080 1999 sermo
1105 1957 1270 1998 facetus
1294 1971 1342 1997 ac
1367 1958 1484 1997 nulla
1506 1956 1549 1996 in
1577 1970 1622 1998 re
1647 1956 1792 1996 rudis?

309 2027 449 2080 Again
486 2027 527 2067 in
563 2027 628 2067 De
667 2025 786 2067 Orat.
824 2027 882 2074 ΙΙ,
918 2025 956 2066 8.
975 2037 1039 2077 34,
1078 2025 1147 2066 ff:
1199 2025 1285 2076 Qui
1323 2026 1434 2066 enim
1471 2032 1619 2065 cantus
1656 2024 1876 2065 moderata

226 2094 421 2135 oratione
449 2094 614 2134 dulcior
640 2092 822 2134 inveniri
848 2093 1017 2145 potest?
1045 2093 1159 2143 quod
1188 2105 1359 2132 carmen
1388 2090 1618 2132 artificiosa
1646 2092 1876 2132 verborum

231 2162 501 2202 conclusione
532 2161 700 2213 aptius?
761 2162 833 2213 qui
865 2168 985 2201 actor
1017 2160 1235 2207 imitanda,
1268 2173 1396 2211 quam
1428 2166 1575 2200 orator
1606 2158 1877 2210 suscipienda

228 2228 406 2270 veritate
440 2228 691 2269 iucundior?
724 2227 842 2279 Quid
875 2235 1017 2269 autem
1051 2227 1245 2268 subtilius
1278 2239 1407 2277 quam
1440 2226 1878 2277 crebraeacutaeque

232 2295 492 2336 sententiae?
552 2295 654 2347 quid
714 2295 1008 2335 admirabilius
1067 2307 1194 2346 quam
1257 2307 1322 2333 res
1383 2293 1608 2344 splendore
1667 2292 1878 2333 illustrata

230 2362 488 2403 verborum?
538 2362 640 2414 quid
660 2360 825 2413 plenius
847 2375 974 2413 quam
997 2361 1112 2402 omni
1134 2373 1286 2413 genere
1310 2359 1690 2400 rerum-cumulata
1712 2359 1876 2400 orati-o?

232 2429 382 2480 Neque
413 2430 499 2470 ulla
529 2443 613 2470 non
645 2429 817 2480 propria
850 2428 1032 2469 oratoris
1067 2441 1132 2468 res
1165 2436 1241 2475 est,
1273 2440 1380 2478 quae
1413 2427 1586 2478 quidem
1602 2433 1764 2479 ⁵ornate
1797 2426 1878 2466 dici

233 2497 504 2548 graviterque
534 2496 669 2536 debet.
728 2496 872 2536 Huius
903 2502 964 2535 est
994 2495 1036 2535 in
1064 2495 1206 2535 dando
1236 2494 1413 2534 consilio
1443 2494 1494 2534 de
1524 2494 1723 2534 maximis
1753 2493 1877 2533 rebus

233 2575 329 2603 cum
371 2561 576 2616 dignitate
618 2562 827 2614 explicata
869 2562 1100 2611 sententia;
1143 2560 1332 2602 eiusdem
1372 2567 1413 2602 et
1453 2560 1693 2613 languentis
1734 2559 1879 2612 populi

234 2631 424 2671 incitatio
451 2638 491 2671 et
518 2630 716 2688 effrenati
744 2630 1003 2678 moderatio;
1028 2629 1180 2670 eadem
1210 2629 1414 2669 facultate
1442 2636 1482 2668 et
1510 2629 1630 2668 fraus
1657 2628 1878 2668 hominum

233 2697 288 2739 ad
316 2697 546 2749 perniciem
575 2704 616 2738 et
644 2697 865 2749 integritas
894 2697 948 2738 ad
980 2696 1158 2737 salutem
1188 2702 1379 2743 vocatur.
1438 2695 1548 2747 Quis
1579 2693 1793 2735 cohortari
1823 2693 1879 2734 ad

232 2762 436 2805 virtutem
457 2764 689 2813 ardentius,
713 2764 807 2815 quis
831 2778 856 2804 a
879 2762 993 2804 vitiis
1016 2764 1155 2804 acrius
1179 2776 1391 2810 revocare,
1418 2760 1511 2813 quis
1535 2762 1778 2813 vituperare
1802 2759 1878 2800 im-

234 2831 389 2882 probos
433 2831 638 2883 asperius,
683 2831 777 2883 quis
819 2831 995 2874 laudare
1036 2831 1169 2871 bonos
1211 2831 1418 2878 ornatius,
1463 2829 1557 2881 quis
1599 2829 1877 2880 cupiditatem

232 2899 525 2940 vehementius
545 2899 743 2951 frangere
761 2899 1002 2940 accusando
1020 2898 1186 2951 potest?
1206 2898 1299 2950 quis
1318 2910 1555 2938 maerorem
1574 2896 1715 2937 levare
1732 2896 1877 2936 mitius
