2276 3519
560 225 653 252 THE
677 225 825 253 GRAND
849 225 995 262 STYLE,
1019 225 1073 253 OR
1097 225 1288 254 GRANDIS
1313 226 1459 255 DICTIO
1782 228 1832 268 23

190 356 236 389 ut
261 355 412 395 teneat,
438 362 587 388 verum
611 348 737 388 etiam
763 348 930 388 flectere
956 356 1001 389 ut
1025 348 1180 389 vincat.
1236 349 1332 400 Ipse
1357 349 1511 401 quippe
1537 350 1620 389 iam
1647 356 1835 390 remanet

189 416 242 456 ad
276 413 602 456 consensionem
633 415 864 456 flectendus
897 415 1161 467 eloquentiae
1193 416 1447 469 granditate,
1482 417 1523 456 in
1558 429 1641 467 quo
1675 417 1717 456 id
1750 429 1834 456 non

191 483 274 536 egit
296 495 429 534 usque
450 483 504 524 ad
525 483 619 534 ejus
640 482 956 523 confessionem
978 484 1268 524 demonstrata
1289 484 1459 533 veritas,
1483 484 1687 536 adjuncta
1709 483 1837 525 etiam

192 550 401 592 suavitate
425 549 634 591 dictionis.

275 619 396 658 With
418 618 501 659 this
523 619 773 670 conception
797 617 948 659 Cicero
971 619 1005 658 is
1028 618 1068 657 in
1090 619 1255 670 perfect
1279 619 1500 671 harmony.
1553 620 1602 659 In
1625 620 1691 659 De
1714 619 1835 660 Orat.

192 685 247 734 11,
270 685 335 726 82.
358 695 450 737 337,
475 686 526 725 he
549 699 667 736 says:
721 684 774 725 Et
797 697 1055 735 quamquam
1078 699 1161 725 una
1187 685 1278 726 fere
1301 686 1364 726 vis
1389 692 1451 726 est
1474 687 1750 737 eloquentiae,
1776 694 1836 727 ta-

190 766 284 792 men
312 753 409 802 quia
436 765 601 792 summa
628 752 810 803 dignitas
838 759 900 791 est
927 752 1083 802 populi,
1111 753 1364 803 gravissima
1391 765 1518 793 causa
1548 754 1603 793 rei
1632 753 1835 804 publicae,

188 818 364 858 maximi
386 824 527 858 motus
547 816 844 865 multitudinis,
867 830 1000 869 genus
1020 831 1194 869 quoque.
1209 816 1377 858 dicendi
1398 818 1602 870 grandius
1624 819 1841 870 quoddam

192 891 231 925 et
266 883 470 925 illustrius
504 898 595 925 esse
630 884 921 925 adhibendum
952 885 1144 933 videtur;
1192 885 1465 936 maximaque
1498 899 1597 936 pars
1633 885 1838 927 orationis

191 952 548 993 admovendaest
578 952 631 992 ad
659 950 900 992 animorum
926 959 1066 993 motus
1096 965 1417 1003 nonnumquam
1445 960 1517 993 aut
1547 953 1839 994 cohortatione

193 1027 267 1060 aut
306 1020 709 1060 commemoratione
748 1020 889 1071 aliqua
929 1027 1001 1060 aut
1041 1021 1082 1059 in
1123 1033 1240 1071 spem
1280 1028 1353 1061 aut
1392 1020 1434 1060 in
1473 1028 1633 1060 metum
1673 1029 1746 1061 aut
1787 1021 1840 1061 ad

193 1087 469 1138 cupiditatem
498 1094 570 1127 aut
602 1087 656 1127 ad
686 1087 867 1139 gloriam
898 1086 1185 1135 concitandos,
1218 1101 1342 1138 saepe
1374 1087 1503 1128 etiam
1534 1102 1558 1128 a
1589 1088 1839 1135 temeritate,

193 1154 425 1203 iracundia,
454 1168 539 1206 spe,
567 1153 734 1203 iniuria,
763 1154 934 1201 invidia,
963 1154 1212 1195 crudelitate
1240 1155 1514 1196 revocandos.

277 1223 419 1274 Again
441 1223 482 1262 in
507 1222 677 1270 Orator,
702 1223 765 1263 28.
783 1233 859 1274 97:
909 1221 1082 1263 Tertius
1104 1230 1166 1263 est
1188 1223 1256 1263 ille
1277 1224 1442 1274 amplus
1465 1223 1674 1274 copiosus,
1699 1223 1841 1275 gravis

193 1296 383 1337 ornatus,
424 1289 465 1329 in
503 1302 587 1340 quo
624 1289 823 1341 profecto
859 1290 922 1330 vis
961 1289 1149 1330 maxima
1188 1297 1263 1330 est.
1333 1289 1416 1330 Hic
1456 1296 1518 1331 est
1557 1291 1682 1338 enirn,
1723 1290 1842 1331 cuius

193 1364 394 1398 ornatum
426 1357 593 1398 dicendi
627 1363 667 1397 et
699 1356 864 1408 copiam
898 1357 1132 1398 admiratae
1165 1365 1311 1410 gentes
1345 1359 1631 1408 eloquentiam
1666 1357 1707 1397 in
1742 1357 1842 1398 civi-

194 1425 352 1466 tatibus
386 1425 617 1476 plurimum
648 1426 790 1466 valere
823 1439 973 1476 passae
1007 1433 1118 1474 sunt,
1154 1426 1227 1466 sed
1261 1426 1369 1466 hanc
1403 1426 1699 1476 eloquentiam,
1735 1438 1843 1477 quae

197 1505 323 1533 cursu
362 1507 516 1545 magno
554 1494 780 1544 sonituque
819 1493 1017 1543 ferretur,
1057 1506 1184 1544 quam
1223 1495 1485 1544 suspicerent
1521 1507 1680 1539 omnes,
1720 1507 1847 1544 quam

198 1560 524 1609 admirarentur,
549 1574 677 1612 quam
700 1576 743 1602 se
766 1561 941 1612 adsequi
963 1575 1087 1613 posse
1111 1561 1362 1602 diffiderent.
1416 1561 1559 1602 Huius
1582 1560 1847 1612 eloquentiae

198 1637 261 1669 est
286 1635 468 1670 tractare
492 1629 670 1678 animos,
695 1628 820 1670 huius
843 1630 960 1670 omni
985 1630 1113 1670 modo
1138 1643 1398 1680 permovere.
1454 1630 1574 1670 Haec
1598 1629 1727 1670 modo
1752 1643 1846 1681 per-

202 1695 364 1749 fringit,
404 1697 534 1738 modo
573 1697 721 1749 irrepit
762 1697 803 1737 in
845 1710 1017 1746 sensus;
1071 1698 1219 1738 inserit
1259 1710 1392 1738 novas
1433 1697 1666 1749 opiniones,
1710 1695 1850 1737 evellit

199 1772 360 1806 msltas.
