2276 3519
520 218 613 246 THE
638 218 816 247 OFFICES
842 218 895 247 OF
920 219 1014 247 THE
1040 219 1404 248 ECCLESIASTICAL
1430 220 1596 248 ORATOR
1836 219 1882 260 17

239 342 381 394 recssy,
412 341 453 382 in
480 342 571 382 that
600 342 650 383 he
680 342 927 383 substitutes
958 343 1106 383 doceat
1138 344 1206 382 for
1234 343 1396 394 probet,
1426 342 1587 395 though
1617 343 1669 383 he
1698 343 1800 384 does
1829 357 1883 384 no

238 410 426 451 violence
458 417 500 450 to
532 409 603 450 the
634 409 814 463 thought
846 410 893 451 of
926 409 1075 451 Cicero
1106 424 1151 451 as
1184 411 1218 451 is
1252 425 1350 451 seen
1381 411 1423 450 in
1454 410 1525 451 the
1557 410 1780 463 following
1810 425 1882 451 ex-

237 479 419 528 amples:

325 557 356 586 1.
416 545 481 586 De
509 545 626 586 Orat.
657 545 713 594 II,
739 555 803 596 27.
836 555 932 597 115:
974 547 1039 586 Ita
1063 547 1201 587 omnis
1226 547 1333 586 ratio
1359 546 1524 586 (licendi
1550 546 1686 587 tribus
1711 546 1764 586 ad
1791 559 1884 596 per-

239 614 505 654 suadendum
527 614 650 654 rebus
670 621 732 654 est
754 612 878 654 nixa:
898 621 944 654 ut
963 614 1190 665 probemus
1212 627 1312 654 vera
1333 627 1436 662 esse,
1459 628 1566 666 quae
1587 614 1882 661 defendimus;

236 687 283 721 ut
308 679 581 721 conciliemus
608 694 679 722 eos
705 681 838 728 nobis,
865 681 936 731 qui
964 680 1166 728 audiunt;
1207 687 1252 720 ut
1279 680 1443 721 animos
1470 694 1631 729 eorum,
1658 681 1710 721 ad
1738 693 1882 731 quem-

235 761 447 799 quomque
476 761 603 788 causa
631 748 861 799 postulabit
889 755 1065 796 motum,
1094 760 1307 788 vocemus.

319 828 355 856 2.
414 816 480 856 De
508 814 624 855 Orat.
657 815 714 864 II,
739 815 804 856 28.
837 827 934 855 121:
976 815 1143 866 Quibus
1168 830 1222 856 ex
1248 816 1351 856 locis
1378 816 1432 856 ad
1459 830 1528 856 eas
1555 823 1640 856 tres
1670 830 1747 863 res,
1775 829 1882 866 quae

236 884 291 924 ad
319 883 444 923 fidem
475 882 715 922 faciendam
746 882 859 922 solae
885 882 1040 931 valent,
1069 882 1253 922 ducatur
1281 882 1431 931 oratio,
1461 889 1507 922 ut
1536 890 1576 922 et
1605 882 1883 923 concilientur

236 950 365 990 animi
387 956 427 990 et
450 949 684 990 doceantur
705 956 745 989 et
767 956 1032 990 moveantur.

317 1029 353 1068 3.
413 1017 479 1058 De
503 1015 623 1058 Orat.
649 1018 706 1065 ΙΙ,
731 1026 794 1068 77.
813 1028 915 1068 310:
953 1017 1110 1057 Tribus
1135 1018 1259 1057 rebus
1283 1017 1475 1057 homines
1500 1018 1552 1058 acl
1577 1024 1767 1058 nostram
1790 1031 1882 1057 sen-

232 1084 410 1125 tentiam
439 1084 723 1135 perducimus,
753 1091 826 1125 aut
856 1084 1047 1125 docendo
1077 1091 1150 1125 aut
1180 1084 1446 1125 conciliando
1476 1091 1549 1125 aut
1580 1084 1880 1135 permovendo.

318 1163 355 1201 4.
415 1151 590 1199 Brutus,
617 1162 682 1202 49.
706 1151 804 1202 185:
830 1151 934 1191 Tria
960 1158 1058 1191 sunt
1085 1151 1209 1199 enim,
1236 1158 1283 1191 ut
1309 1151 1480 1203 quidem
1507 1164 1586 1203 ego
1613 1151 1749 1191 sentio
1774 1164 1882 1202 quae

236 1218 318 1259 sint
348 1216 566 1259 efficienda
596 1216 797 1259 dicendo:
842 1225 889 1259 ut
918 1218 1122 1259 doceatur
1151 1218 1198 1267 is,
1228 1218 1342 1270 apud
1371 1230 1497 1269 quern
1528 1217 1704 1266 dicetur,
1736 1223 1783 1257 ut
1813 1218 1882 1258 de-

234 1286 424 1335 lectetur,
451 1291 497 1335 ut
523 1292 747 1326 moveatur
772 1285 1076 1327 vehementius.

318 1364 353 1405 5.
412 1353 478 1394 De
510 1352 606 1405 Opt.
643 1353 742 1394 Gen.
779 1366 810 1394 1.
842 1366 888 1406 3:
933 1352 1148 1405 Optumus
1181 1361 1243 1394 est
1273 1354 1385 1394 enirn
1414 1362 1572 1402 orator,
1602 1354 1673 1404 qui
1704 1353 1882 1394 dicendo

234 1421 398 1461 animos
420 1420 685 1461 audientium
705 1428 745 1461 et
768 1421 889 1462 docet
911 1428 952 1463 et
973 1422 1152 1462 delectat
1174 1428 1214 1462 et
1235 1428 1467 1472 permovet.
1505 1420 1671 1462 Docere
1694 1419 1882 1460 debitum

234 1496 309 1537 est,
344 1488 553 1529 delectare
586 1488 875 1537 honorarium,
909 1502 1158 1540 permovere
1191 1489 1490 1529 necessarium.

315 1556 352 1598 6.
411 1557 478 1598 De
500 1557 599 1608 Opt.
626 1557 727 1597 Gen.
751 1567 785 1609 5.
814 1557 883 1597 16:
921 1556 1106 1598 Necesse
1126 1563 1188 1598 est
1209 1564 1350 1598 tamen
1372 1557 1546 1605 oratori,
1568 1568 1693 1607 quem
1716 1555 1882 1607 quaeri-

232 1636 340 1672 mus,
363 1623 676 1664 controversias
700 1624 913 1675 explicare
939 1623 1133 1665 forenses
1159 1622 1326 1664 dicendi
1349 1636 1505 1677 genere
1526 1631 1626 1675 apto
1650 1623 1704 1664 ad
1729 1623 1880 1664 docen-

233 1691 347 1739 dum,
370 1692 424 1732 ad
447 1692 756 1740 delectandum,
780 1692 834 1732 ad
857 1691 1204 1743 permovendum.

316 1759 447 1800 From
471 1760 589 1800 these
612 1773 825 1811 passages,
852 1759 1083 1807 therefore,
1110 1759 1142 1800 it
1167 1759 1201 1800 is
1226 1759 1338 1800 clear
1363 1758 1454 1800 that
1479 1758 1755 1812 Augustine's
1782 1772 1880 1799 con-

233 1827 400 1878 ception
431 1826 480 1868 of
513 1827 583 1867 the
615 1827 913 1868 ecclesiastical
944 1834 1091 1868 orator
1124 1827 1158 1868 is
1190 1826 1261 1867 the
1295 1841 1410 1868 same
1443 1841 1489 1868 as
1522 1826 1614 1867 that
1645 1826 1695 1866 of
1731 1825 1880 1867 Cicero

234 1893 462 1947 regarding
496 1894 560 1935 his
598 1894 706 1935 ideal
742 1902 899 1945 orator,
937 1895 1027 1936 that
1063 1894 1095 1936 is
1140 1895 1212 1947 (1)
1255 1900 1298 1936 to
1334 1894 1468 1943 teach‚
1513 1894 1585 1947 (2)
1628 1902 1673 1936 to
1708 1894 1879 1947 delight,

239 1962 312 2014 (3)
346 1968 390 2003 to
416 1962 637 2014 persuade.
