2276 3519
702 281 795 308 THE
825 279 953 307 NORM
982 278 1035 305 OF
1062 276 1323 306 AUGUSTINE
1785 272 1832 312 31

279 408 345 448 To
369 420 463 448 sum
487 419 555 457 up,
581 406 699 446 there
725 418 795 445 are
822 404 862 444 in
888 403 971 443 this
997 402 1114 442 short
1140 406 1317 448 extract,
1350 398 1422 451 (1)
1455 397 1525 438 the
1551 397 1729 444 climax;
1762 395 1834 447 (2)

197 490 222 517 a
251 474 422 528 period;
460 474 533 525 (3)
573 474 637 513 six
668 472 870 517 membra,
901 484 950 511 or
981 469 1157 517 clauses,
1188 467 1354 508 besides
1384 466 1608 517 metaphor
1639 463 1777 504 which
1806 461 1842 503 is

199 543 414 585 sustained
443 541 627 593 through
658 540 737 580 five
765 539 812 580 of
843 539 911 578 the
941 539 1006 578 six
1036 538 1211 577 clauses.
1270 534 1361 575 The
1391 534 1495 585 style
1525 534 1558 573 is
1588 533 1844 583 Temperata

198 610 352 652 Dietio.

1002 704 1037 744 B

269 816 433 858 PAUL’s
457 816 680 859 DEFENSE‚
705 825 758 852 To
782 824 875 852 THE
901 811 1239 857 CORINTIIIANS,
1266 820 1319 847 or
1347 819 1425 847 His
1452 806 1777 853 APOSTLESHIP‚

736 903 789 930 IN
814 901 908 929 THE
932 889 1063 929 FORM
1089 899 1142 927 OF
1164 899 1193 926 A
1218 886 1363 926 BOAST

285 996 337 1036 D.
375 995 427 1034 D.
468 993 512 1034 C.
555 993 632 1041 IV,
672 1003 801 1044 7.12:
868 990 1031 1031 Iterum
1066 988 1175 1035 dico,
1212 1000 1264 1027 ne
1300 986 1394 1038 quis
1431 999 1498 1025 me
1535 983 1750 1023 existimet
1787 981 1848 1021 in-

203 1062 426 1115 sipientem
456 1074 571 1110 esse;
604 1059 792 1110 alioquin
824 1057 941 1098 velut
973 1056 1244 1107 insipientem
1276 1051 1475 1104 suscipite
1507 1065 1587 1099 me,
1621 1057 1667 1090 ut
1699 1056 1740 1089 et
1772 1061 1850 1100 ego

201 1129 418 1172 modicum
444 1129 545 1180 quid
571 1128 740 1181 glorier.
796 1125 925 1178 Quod
952 1125 1115 1175 loquor,
1143 1136 1229 1162 non
1255 1122 1407 1172 loquor
1435 1118 1670 1160 secundum
1697 1118 1850 1164 Deum,

203 1200 276 1240 sed
305 1199 426 1250 quasi
456 1198 499 1238 in
531 1196 721 1243 stultitia,
752 1195 794 1234 in
823 1194 901 1234 hac
935 1191 1169 1233 substantia
1200 1191 1372 1243 gloriae.
1433 1187 1651 1239 Quoniam
1680 1184 1851 1236 quidem

201 1267 322 1306 multi
345 1265 582 1318 gloriantur
606 1262 838 1304 secundum
861 1273 1045 1308 carnem,
1070 1265 1110 1299 et
1134 1272 1212 1310 ego
1235 1256 1461 1309 gloriabor.
1514 1254 1715 1294 Libenter
1740 1250 1851 1292 enirn

205 1331 423 1374 sustinetis
459 1331 718 1382 insipientes,
755 1342 853 1369 cum
889 1326 978 1368 sitis
1014 1326 1093 1377 ipsi
1130 1324 1353 1376 sapientes.
1420 1320 1632 1362 Toleratis
1669 1319 1783 1359 enim
1818 1318 1852 1358 si

206 1401 300 1453 quis
322 1413 398 1441 vos
419 1398 464 1439 in
487 1399 737 1440 servitutem
759 1395 924 1448 redigit,
947 1395 982 1435 si
1005 1393 1099 1445 quis
1124 1393 1312 1439 devorat,
1339 1390 1372 1431 si
1396 1389 1490 1441 quis
1514 1388 1678 1439 accipit,
1703 1385 1737 1428 si
1761 1386 1854 1437 quis

205 1467 436 1515 extollitur,
458 1467 492 1506 si
512 1465 606 1517 quis
627 1465 670 1504 in
691 1464 847 1504 faciem
864 1475 941 1503 vos
961 1460 1112 1502 caedit.
1151 1458 1397 1500 Secundum
1421 1455 1728 1509 ignobilitatem
1746 1452 1857 1499 dico,

208 1535 329 1587 quasi
355 1549 431 1575 nos
458 1533 660 1574 infirmati
688 1532 831 1572 simus.
887 1531 938 1569 In
963 1542 1049 1580 quo
1073 1534 1217 1569 autem
1242 1524 1335 1577 quis
1363 1525 1490 1566 audet
1523 1523 1589 1575 (in
1614 1520 1858 1572 insipientia

210 1604 349 1655 dico),
371 1602 510 1644 audeo
529 1608 569 1641 et
590 1615 679 1653 ego.
731 1599 918 1639 Hebraei
940 1597 1066 1638 sunt?
1100 1603 1140 1636 et
1162 1608 1251 1647 ego.
1304 1592 1523 1634 Israelitae
1545 1590 1670 1631 sunt?
1706 1595 1746 1629 et
1768 1602 1857 1641 ego.

211 1672 367 1713 Semen
397 1669 599 1710 Abrahae
632 1667 757 1708 sunt?
806 1673 847 1707 et
879 1679 969 1717 ego.
1033 1662 1225 1703 Ministri
1258 1659 1418 1702 Christi
1454 1658 1580 1699 sunt?
1635 1655 1862 1708 (insipiens

212 1739 330 1787 dico)
359 1751 486 1789 super
509 1750 599 1789 ego.
654 1736 703 1775 In
726 1734 940 1774 laboribus
965 1732 1208 1784 plurimum,
1233 1730 1275 1770 in
1299 1727 1538 1769 carceribus
1561 1723 1860 1770 abundantius,

215 1807 256 1847 in
282 1804 418 1858 plagis
445 1818 574 1856 supra
598 1803 786 1849 modum,
815 1803 858 1841 in
883 1798 1091 1841 mortibus
1119 1797 1300 1849 saepius.
1358 1795 1400 1835 A
1423 1793 1597 1846 Judaeis
1626 1791 1862 1844 quinquies,

216 1873 500 1926 quadraginta
526 1884 610 1912 una
637 1869 778 1910 minus
806 1867 962 1920 accepi.
1018 1867 1104 1907 Ter
1131 1865 1264 1918 virgis
1292 1875 1440 1905 caesus
1468 1875 1576 1910 surn,
1605 1859 1733 1902 semel
1761 1859 1864 1910 lapi-

219 1943 344 1984 datus
368 1955 474 1989 sum,
498 1947 562 1980 ter
584 1938 859 1990 naufragium
885 1936 990 1976 feci:
1013 1940 1137 1975 nocte
1161 1940 1201 1973 et
1224 1933 1291 1973 die
1315 1933 1357 1971 in
1381 1929 1599 1983 profundo
1622 1927 1753 1968 maris
1778 1926 1864 1973 fui;

218 2011 260 2050 in
287 2008 507 2050 itineribus
535 2019 670 2057 saepe,
698 2004 897 2056 periculis
925 2003 1160 2045 fluminum,
1189 1999 1387 2051 periculis
1413 1999 1640 2044 latronum,
1668 1994 1867 2046 periculis

221 2090 277 2117 ex
307 2088 473 2128 genere,
505 2072 705 2125 periculis
738 2086 791 2112 ex
823 2070 1032 2123 gentibus,
1066 2067 1267 2120 periculis
1299 2066 1342 2106 in
1376 2065 1559 2111 civitate,
1593 2060 1793 2114 periculis
1825 2061 1870 2100 in

223 2144 404 2191 desertO,
431 2140 629 2193 periculis
656 2138 700 2179 in
727 2138 847 2186 mari,
875 2135 1074 2189 periculis
1104 2135 1146 2175 in
1176 2133 1298 2175 falsis
1328 2130 1558 2173 fratribus:
1587 2130 1629 2170 in
1657 2128 1802 2169 labore
1829 2132 1871 2167 et

226 2224 442 2258 aerumna,
474 2209 515 2249 in
544 2208 699 2260 vigiliis
730 2207 910 2258 saepius,
942 2205 984 2245 in
1015 2204 1128 2244 fame
1159 2208 1199 2242 et
1230 2201 1311 2248 siti,
1343 2201 1385 2240 in
1416 2197 1583 2239 ieiuniis
1614 2195 1795 2248 saepius,
1828 2195 1871 2234 in

227 2279 388 2331 frigore
407 2284 447 2317 et
466 2276 658 2316 nuditate
674 2289 681 2315 z
700 2280 870 2326 praeter
889 2272 959 2312 illa
978 2285 1087 2323 quae
1107 2269 1374 2309 extrinsecus
1395 2271 1504 2313 sunt,
1527 2266 1722 2305 incursus
1742 2262 1785 2302 in
1804 2274 1872 2301 me

226 2345 512 2397 quotidianus,
545 2341 784 2383 sollicitudo
817 2337 1009 2381 omnium
1041 2335 1342 2377 Ecclesiarum.
1405 2332 1513 2384 Quis
1546 2331 1800 2377 infirmatur,
1833 2334 1875 2369 et

226 2427 305 2466 ego
330 2425 415 2452 non
441 2410 663 2452 infirmor?
689 2409 783 2460 quis
810 2404 1135 2454 scandalizatur,
1161 2410 1201 2444 et
1228 2417 1305 2456 ego
1331 2415 1416 2442 non
1443 2400 1573 2440 uror?
1629 2398 1675 2439 Si
1700 2395 1874 2450 gloriari

227 2486 407 2532 oportet,
436 2478 480 2520 in
509 2478 559 2519 iis
587 2490 697 2529 quae
724 2474 983 2516 infirmitatis
1013 2486 1133 2515 meae
1162 2477 1272 2519 sunt,
1301 2468 1528 2523 gloriabor.
1565 2466 1634 2519 (II
1666 2464 1763 2506 Cor.
1794 2462 1875 2512 XI,

233 2547 400 2600 16-30).

834 2643 907 2696 (Ι)
968 2642 1053 2682 His
1076 2639 1275 2693 Apoloyy

401 2763 438 2790 a.
498 2748 581 2788 His
604 2744 801 2787 aversion
825 2753 868 2785 to
892 2743 1018 2795 being
1041 2739 1292 2782 considered
1316 2753 1340 2779 a
1365 2737 1465 2779 fool.

499 2814 691 2855 Interum
710 2811 816 2860 dico,

500 2896 554 2922 ne
580 2881 674 2933 quis
701 2894 768 2921 me
796 2879 1011 2919 existimet
1039 2876 1307 2927 insipientem
1335 2885 1450 2920 esse;

500 2948 542 2988 A
560 2947 710 3000 period
730 2947 778 2988 of
802 2953 886 2987 two
907 2944 1109 2986 membra.
