2276 3519
714 442 746 482 I.
807 427 1284 479 INTRODUCTION

262 530 354 571 The
384 533 660 574 controversy
690 520 880 560 between
911 514 982 556 the
1013 506 1307 563 philosophers
1338 502 1421 544 and
1454 493 1731 539 rhetoricians
1763 505 1826 531 re-

184 600 365 654 garding
389 596 459 637 the
485 591 658 633 relative
683 585 829 627 merits
855 583 900 624 of
924 577 1177 633 philosophy
1202 573 1286 615 and
1313 568 1510 614 rhetoric,
1538 558 1827 615 respectively,

186 667 271 708 had
303 677 412 718 gone
445 675 499 702 on
533 660 599 699 for
633 653 844 696 centuries
878 649 1026 689 before
1062 645 1122 685 St.
1156 636 1433 692 Augustine's
1467 634 1579 684 day.l
1643 626 1829 677 Feeling,
1874 635 1879 646 ’

186 732 417 777 therefore,
442 729 535 768 that
558 724 723 765 neither
747 715 1000 772 philosophy
1025 725 1105 752 nor
1128 707 1312 750 rhetoric
1338 717 1425 744 was
1453 699 1660 741 sufficient
1686 690 1833 735 within
1876 687 1879 702 ³

188 800 305 843 itself
341 799 412 838 for
441 795 511 837 the
543 790 768 834 education
799 785 847 827 of
881 784 952 825 the
984 774 1283 821 ecclesiastical
1314 778 1473 816 orator,
1505 767 1580 807 but
1611 764 1702 805 that
1733 759 1835 801 both

194 883 306 910 were
336 866 447 907 alike
476 858 686 905 essential,
718 856 761 895 in
791 854 842 894 D.
876 852 927 891 D.
963 849 1006 889 C.
1042 846 1120 894 IV,
1154 855 1177 896 7
1207 841 1291 883 and
1321 839 1358 887 8,
1391 838 1444 877 he
1473 842 1735 882 encourages
1767 828 1837 868 the

193 935 478 987 employment
506 927 553 969 of.
583 924 685 966 both
713 929 756 963 to
784 920 856 961 the
882 917 964 959 end
992 915 1085 955 that
1113 912 1183 952 the
1210 914 1357 949 orator
1385 917 1482 955 may
1511 899 1636 951 equip
1666 893 1838 936 himself

196 1004 298 1045 with
324 1001 395 1042 the
419 999 511 1039 best
535 992 723 1044 training
744 987 929 1042 possible
956 985 1025 1024 for
1049 981 1115 1021 his
1141 974 1416 1031 profession.2
1470 970 1539 1010 He
1566 964 1709 1007 would
1734 964 1842 1002 have

285 1100 297 1117 ¹
312 1100 430 1135 Notes
455 1097 554 1131 from
577 1091 684 1128 Prof.
708 1083 1003 1124 Hendrickson’s
1026 1077 1213 1115 Research
1237 1075 1379 1111 Course
1403 1072 1439 1106 in
1464 1068 1605 1107 Cicero,
1629 1060 1846 1102 University

197 1159 240 1195 of
263 1157 438 1198 Chicago,
464 1162 558 1195 1903.

288 1217 332 1251 In
353 1214 399 1248 A.
423 1210 563 1247 Gellius
586 1207 671 1248 XV,
697 1214 779 1246 11.2,
804 1201 962 1237 Crassus
985 1193 1160 1232 banishes
1180 1191 1243 1226 the
1266 1187 1435 1224 teachers
1458 1183 1501 1218 of
1525 1179 1696 1216 rhetoric.

289 1272 430 1307 Sextus
454 1263 665 1308 Empiricus
689 1258 856 1296 contains
882 1267 928 1291 an
953 1257 1110 1289 account
1135 1248 1177 1284 of
1202 1247 1265 1282 the
1290 1243 1414 1280 attack
1439 1240 1482 1275 of
1507 1239 1569 1273 the
1595 1232 1852 1279 philosophers

205 1341 253 1366 on
278 1326 448 1364 rhetoric.
499 1319 603 1362 Πρὸς
625 1311 901 1360 μαθηματικούς
922 1311 951 1345 Β
977 1307 1146 1351 (Bekker
1163 1316 1196 1347 p.
1216 1301 1292 1344 678.
1313 1310 1357 1334 20
1377 1297 1425 1340 f.)
1450 1293 1555 1336 Πρὸς
1575 1291 1760 1333 Ρήτορας,
1781 1297 1856 1320 sec-

206 1388 283 1422 tion
307 1394 359 1419 20.

292 1440 362 1475 ²D.
384 1439 430 1473 D.
452 1436 492 1472 C.
514 1435 579 1475 IV,
603 1442 633 1475 7,
653 1432 693 1466 8:
731 1427 803 1464 Sed
826 1438 908 1461 curn
930 1423 993 1459 alii
1018 1420 1157 1456 faciant
1179 1416 1319 1452 obtuse,
1344 1409 1575 1447 deformiter,
1603 1403 1759 1446 frigide;
1796 1398 1857 1434 alii

208 1505 324 1539 acute,
359 1500 500 1534 ornate,
534 1489 790 1526 vehementer;
828 1483 931 1517 illum
967 1478 1013 1513 ad
1048 1478 1117 1511 hoc
1151 1484 1243 1516 opus
1277 1469 1374 1505 unde
1409 1467 1564 1508 agimus,
1610 1462 1681 1495 iam
1717 1462 1861 1500 oportet

214 1552 399 1593 accedere,
440 1549 501 1592 qui
542 1550 663 1588 potest
703 1541 893 1582 disputare
934 1536 992 1571 vel
1035 1533 1158 1567 dicere
1201 1526 1393 1569 sapienter,
1437 1519 1580 1556 etiamsi
1623 1527 1699 1551 non
1740 1517 1861 1556 potest

212 1613 435 1654 eloquenter,
465 1611 504 1640 ut
535 1601 653 1646 prosit
685 1595 930 1635 audientibus,
963 1588 1107 1627 etiarnsi
1139 1587 1260 1621 minus
1294 1593 1403 1625 quam
1437 1578 1625 1621 prodesse,
1659 1574 1689 1608 si
1723 1576 1757 1606 et
1790 1569 1864 1603 elo-

218 1673 371 1712 quenter
401 1668 525 1706 posset
556 1660 688 1694 dicere⁴
739 1653 813 1697 Qui
874 1661 966 1685 vero
996 1645 1109 1682 affluit
1141 1640 1327 1684 insipienti
1359 1633 1580 1678 eloquentia,
1610 1635 1715 1665 tanto
1746 1624 1864 1667 magis

220 1722 406 1761 cavendus
434 1725 498 1760 est,
528 1722 666 1760 quanto
694 1711 814 1754 magis
844 1709 887 1743 ab
917 1718 960 1741 eo
989 1705 1025 1738 in
1056 1703 1099 1737 iis
1129 1711 1222 1743 quae
1252 1695 1381 1732 audire
1411 1691 1539 1728 inutile
1569 1695 1632 1728 est,
1662 1685 1865 1720 delectatur

217 1781 376 1820 auditor,
406 1784 443 1812 et
471 1787 554 1811 curn
584 1770 759 1815 quoniam
790 1767 927 1802 diserte
958 1762 1079 1797 dicere
1110 1756 1223 1797 audit,
1255 1753 1366 1790 etiam
1396 1761 1483 1786 vere
1515 1747 1636 1782 dicere
1670 1741 1867 1777 existimat.

221 1840 324 1874 Haec
367 1842 488 1870 autem
532 1828 711 1866 sententia
753 1836 819 1859 nec
863 1822 946 1856 illos
989 1817 1095 1859 fugit,
1138 1814 1199 1856 qui
1241 1818 1357 1846 artem
1400 1805 1622 1842 rhetoricam
1665 1797 1868 1835 docendam

224 1898 421 1938 putarunt:
456 1889 545 1924 fassi
579 1891 663 1920 sunt
693 1882 789 1917 enim
822 1876 1040 1920 sapientiam
1071 1873 1147 1906 sine
1176 1865 1384 1910 eloquentia
1414 1873 1544 1905 parum
1574 1856 1753 1901 prodesse
1784 1852 1871 1888 civi·

226 1951 383 1990 tatibus;
420 1943 666 1988 eloquentiam
700 1950 789 1974 vero
825 1936 901 1970 sine
936 1929 1115 1974 sapientia
1148 1925 1303 1961 nimium
1338 1922 1466 1957 obesse
1500 1918 1726 1960 plerumque,
1761 1908 1872 1953 prod-

224 2020 304 2044 esse
344 2014 543 2047 nunquam.
610 1999 648 2034 Si
689 2007 779 2038 ergo
818 1993 888 2027 hoc
929 1989 981 2025 illi
1022 1986 1082 2030 qui
1124 1987 1320 2027 praecepta
1360 1975 1590 2019 eloquentiae
1632 1968 1875 2007 tradiderunt,

227 2067 263 2101 in
296 2064 433 2111 eisdem
465 2059 568 2094 libris
601 2057 637 2091 in
670 2053 801 2096 quibus
834 2049 870 2084 id
904 2051 1068 2089 egerunt,
1100 2042 1256 2077 veritate
1289 2036 1487 2077 instigante
1520 2029 1637 2065 coacti
1673 2031 1756 2062 sunt
1788 2034 1874 2058 con—

229 2121 334 2161 fiteri,
360 2127 497 2157 veram,
522 2114 591 2148 hoc
617 2117 680 2151 est,
707 2116 903 2150 supernam
929 2114 1021 2144 quae
1047 2113 1067 2136 a
1094 2099 1203 2132 Patre
1228 2095 1409 2130 luminum
1435 2085 1633 2126 descendit,
1660 2079 1877 2124 sapientiam

229 2176 454 2213 nescientes;
485 2176 622 2212 quanto
651 2165 769 2207 magis
797 2174 864 2197 nos
894 2171 968 2194 non
997 2157 1095 2193 aliud
1126 2153 1261 2189 sentire
1289 2149 1473 2187 debemus,
1503 2143 1563 2184 qui
1593 2140 1706 2181 hujus
1736 2136 1878 2178 sapien-

230 2233 303 2268 tiae
334 2230 400 2265 filii
431 2234 466 2264 et
497 2223 657 2260 ministri
689 2217 839 2255 sumus?
896 2213 1091 2256 Sapienter
1121 2214 1244 2244 autem
1277 2204 1366 2239 dicit
1396 2202 1509 2236 homo
1540 2202 1644 2232 tanto
1674 2192 1793 2234 magis
1824 2189 1882 2224 vel

234 2290 365 2330 minus,
397 2289 534 2327 quanto
566 2282 602 2316 in
637 2277 838 2319 Scripturis
871 2271 1006 2308 sanctis
1037 2266 1155 2308 magis
1186 2264 1244 2299 vel
1277 2262 1409 2300 minus,
1441 2260 1578 2298 quanto
1610 2253 1647 2287 in
1682 2247 1881 2291 Scripturis

240 2343 375 2381 sanctis
420 2340 539 2382 magis
563 2337 732 2371 minusve
756 2328 927 2374 profecit.
977 2326 1063 2360 Non
1088 2322 1171 2357 dico
1197 2321 1232 2354 in
1260 2318 1311 2352 eis
1337 2315 1493 2350 multum
1519 2308 1684 2352 legendis
1709 2301 1883 2340 memori-

241 2413 353 2445 aeque
385 2394 617 2433 mandandis,
653 2390 716 2427 sed
747 2389 840 2424 bene
870 2380 1132 2425 intelligendis,
1167 2384 1202 2412 et
1235 2375 1431 2416 diligenter
1466 2379 1596 2403 earum,
1629 2362 1796 2400 sensibus
1831 2360 1885 2394 in-

238 2456 428 2501 dagandis.
471 2454 565 2489 Sunt
584 2449 681 2486 enim
700 2447 761 2490 qui
781 2456 843 2480 eas
862 2444 999 2484 legunt,
1019 2445 1054 2473 et
1073 2435 1283 2478 negligunt;
1318 2432 1443 2471 legunt
1462 2433 1501 2461 ut
1523 2428 1683 2463 teneant,
1696 2418 1889 2461 negligunt

239 2527 284 2550 ne
313 2511 529 2554 intelligant.
583 2505 727 2549 Quibus
755 2503 863 2543 longe
895 2499 972 2533 sine
1003 2493 1113 2530 dubio
1144 2486 1381 2534 praeferendi
1414 2489 1500 2519 sunt
1528 2480 1590 2523 qui
1618 2476 1731 2514 verba
1751 2483 1888 2509 earum

244 2571 368 2606 minus
386 2572 522 2607 tenent,
543 2570 578 2599 et
599 2574 662 2597 cor
685 2570 811 2595 earum
835 2556 889 2591 sui
912 2552 1036 2589 cordis
1059 2548 1174 2584 oculis
1197 2545 1333 2581 vident.
1381 2540 1455 2576 Sed
1477 2536 1642 2578 utrisque
1665 2533 1725 2568 ille
1747 2528 1890 2568 melior,

247 2629 308 2672 qui
332 2632 367 2662 et
391 2636 473 2661 curn
496 2622 595 2658 volet
620 2630 681 2654 eas
706 2615 803 2655 dicit,
830 2619 865 2648 et
890 2611 982 2646 sicut
1008 2611 1154 2650 oportet
1177 2600 1359 2643 intelligit.

337 2682 437 2718 Huic
463 2691 550 2722 ergo
576 2677 637 2720 qui
665 2673 847 2716 sapienter
874 2668 981 2704 debet
1006 2665 1137 2703 dicere,
1164 2659 1275 2696 etiam
1301 2654 1400 2699 quod
1425 2664 1500 2688 non
1523 2655 1644 2694 potest
1669 2647 1894 2688 eloquenter,

249 2741 362 2778 verba
392 2737 667 2779 Scripturarum
694 2738 819 2766 tenere
846 2725 1009 2761 maxime
1037 2717 1287 2756 necessarium
1316 2719 1380 2747 est.
1433 2710 1586 2753 Quanto
1612 2705 1709 2741 enim
1740 2715 1777 2738 se
1805 2711 1894 2743 pau-

253 2798 436 2842 periorem
466 2793 584 2829 cernit
613 2791 649 2825 in
680 2788 766 2828 suis,
796 2790 902 2820 tanto
930 2792 1013 2816 eum
1041 2781 1187 2820 oportet
1217 2774 1254 2808 in
1284 2770 1363 2806 istis
1393 2779 1472 2803 esse
1503 2764 1696 2802 ditiorem;
1727 2766 1768 2794 ut
1797 2754 1896 2800 quod

252 2853 389 2890 dixerit
416 2850 492 2887 suis
518 2847 651 2888 verbis,
679 2843 809 2888 probet
836 2853 882 2876 ex
910 2838 1003 2878 illis;
1042 2841 1078 2870 et
1104 2833 1165 2876 qui
1194 2828 1354 2873 propriis
1379 2824 1504 2861 verbis
1528 2821 1651 2856 minor
1679 2822 1768 2858 erat,
1796 2824 1899 2854 mag-
