2276 3519
325 270 352 298 2
418 260 609 301 CICERO'S
637 274 901 304 INFLUENCE
929 277 1051 306 UPON
1079 269 1377 310 AUGUSTINE'S
1404 281 1676 311 ORATORICAL
1703 284 1883 313 THEORY

325 393 412 434 him
446 395 610 436 neither
644 412 667 439 a
701 397 802 438 wise
836 400 1018 449 teacher,
1053 402 1224 455 lacking
1256 404 1300 443 in
1334 404 1404 445 the
1438 418 1594 457 proper
1627 406 1815 460 training
1847 408 1974 460 along

326 461 551 504 rhetorical
582 464 700 512 lines,
731 480 811 506 nor
841 480 864 506 a
897 467 1143 518 loquacious
1173 471 1331 521 pedant
1364 471 1517 513 devoid
1546 474 1596 513 of
1627 474 1719 515 that
1750 475 1973 516 soberness

325 529 373 570 of
407 531 588 584 thought
622 533 706 572 and
740 534 869 585 depth
904 535 951 575 of
984 536 1165 578 wisdom
1199 537 1336 578 which
1369 553 1442 580 are
1477 548 1520 581 to
1554 541 1605 581 be
1641 542 1839 583 obtained
1872 544 1973 595 only

326 598 512 650 through
545 600 813 653 philosophy.
878 603 920 642 If
955 617 1035 643 one
1068 605 1115 644 of
1147 605 1217 646 the
1252 613 1338 647 two
1371 615 1486 647 must
1520 608 1570 648 be
1604 610 1835 661 neglected,
1872 611 1903 652 it
1938 611 1972 651 is

323 664 566 715 preferable
602 666 674 706 for
708 667 779 709 the
812 669 1110 711 ecclesiastical
1146 679 1292 713 orator
1328 681 1371 714 to
1407 687 1577 725 possess
1614 676 1795 717 wisdom
1830 677 1974 718 rather

323 731 425 772 than
449 734 690 784 eloquence.
746 735 831 777 But
858 737 928 778 far
952 738 1087 779 better
1113 740 1147 781 is
1172 740 1204 780 it
1228 740 1318 781 that
1343 742 1395 782 he
1421 742 1574 783 should
1598 756 1766 794 possess
1794 744 1975 786 wisdom

321 799 405 840 and
434 801 676 852 eloquence‚
707 802 809 843 both
840 803 882 843 in
910 804 1188 847 harmonious
1217 808 1517 858 combination‚
1549 809 1665 852 since
1694 811 1726 851 it
1755 811 1790 851 is
1820 811 1861 852 in
1891 811 1975 852 this

324 881 418 919 way
441 869 542 920 only
565 869 656 910 that
680 870 733 912 he
758 884 836 911 can
860 871 994 912 attain
1017 887 1137 914 more
1162 876 1309 927 nearly
1334 882 1377 916 to
1401 877 1652 928 perfection.

407 935 538 986 Upon
573 936 658 977 this
696 938 993 979 fundamental
1029 942 1293 993 conception,
1331 943 1422 983 that
1458 944 1505 984 of
1541 944 1612 984 the
1646 945 1891 998 employing
1924 946 1972 986 of

322 1000 576 1054 philosophy
603 1005 686 1044 and
714 1004 930 1052 rhetoric,3
957 1021 1005 1047 or
1031 1008 1074 1047 in
1100 1008 1171 1049 the
1197 1023 1291 1049 case
1318 1010 1366 1050 of
1392 1011 1462 1052 the
1489 1011 1788 1052 ecclesiastical
1815 1020 1973 1062 orator,

327 1068 560 1120 Scripture,
595 1071 735 1112 which
769 1073 916 1114 stands
950 1074 991 1113 in
1025 1075 1096 1115 the
1129 1089 1244 1115 same
1279 1077 1459 1117 relation
1489 1085 1533 1118 to
1565 1079 1638 1118 the
1670 1079 1972 1121 ecclesiastical

321 1142 468 1177 orator
492 1151 540 1177 as
566 1137 821 1191 philosophy
848 1140 950 1181 does
976 1147 1020 1182 to
1048 1141 1119 1182 the
1147 1142 1256 1183 ideal
1285 1150 1430 1185 orator
1459 1144 1507 1185 of
1537 1143 1700 1193 Cicero,
1729 1145 1972 1199 Augustine

321 1210 559 1246 constructs
589 1205 653 1247 his
682 1205 816 1248 entire
844 1207 995 1260 theory
1021 1209 1072 1249 of
1101 1210 1400 1252 ecclesiastical
1429 1212 1666 1254 education.
1727 1213 1777 1253 In
1806 1214 1890 1255 this
1919 1214 1972 1255 he

323 1270 493 1313 follows
517 1273 680 1323 Cicero,
703 1275 798 1315 who
823 1275 1095 1330 recognizing
1116 1277 1186 1318 the
1209 1277 1369 1331 futility
1390 1280 1474 1320 and
1497 1280 1566 1321 the
1586 1281 1809 1334 absurdity
1829 1282 1878 1322 of
1900 1282 1971 1323 the

319 1340 555 1391 respective
587 1340 732 1383 claims
764 1343 812 1383 of
841 1343 1097 1397 philosophy
1128 1346 1211 1386 and
1245 1346 1429 1387 rhetoric
1463 1347 1587 1388 when
1620 1349 1821 1390 divorced
1856 1350 1972 1391 from

321 1408 426 1448 each
451 1409 584 1456 other,
611 1410 880 1451 endeavored
906 1418 948 1452 to
973 1413 1090 1453 unite
1115 1414 1186 1454 the
1212 1421 1296 1455 two
1323 1415 1365 1454 in
1390 1416 1459 1455 the
1484 1416 1673 1468 training
1696 1418 1743 1457 of
1769 1417 1834 1458 his
1861 1415 1971 1458 ideal

321 1481 479 1516 orator.
541 1477 591 1515 In
621 1477 686 1517 De
722 1476 839 1518 Orat.
878 1478 959 1527 HI,
993 1490 1058 1531 35,
1095 1492 1231 1532 142-3„
1266 1480 1415 1523 Cicero
1450 1497 1567 1534 says:
1617 1483 1743 1524 Nunc
1778 1485 1866 1525 sive
1901 1485 1972 1536 qui

321 1543 434 1583 volet
455 1557 552 1583 eum
574 1544 887 1596 philosophum,
912 1547 983 1598 qui
1006 1547 1172 1598 copiam
1195 1548 1316 1589 nobis
1340 1563 1479 1589 rerum
1501 1550 1792 1602 orationisque
1815 1551 1969 1600 tradat,

320 1623 396 1660 per
420 1624 488 1651 me
512 1611 695 1662 appellet
719 1620 934 1653 oratorem
960 1614 1080 1662 licet;
1109 1614 1197 1654 sive
1223 1615 1335 1655 hunc
1362 1623 1589 1665 oratorem,
1617 1631 1742 1669 quem
1770 1632 1847 1670 ego
1875 1618 1970 1659 dico

320 1676 572 1728 sapientiam
591 1679 780 1719 iunctam
799 1679 954 1721 habere
974 1681 1252 1732 eloquentiae,
1272 1682 1574 1735 philosophum
1596 1685 1810 1735 appellare
1828 1684 1969 1734 malet,

319 1758 404 1785 non
428 1745 678 1797 impediam;
700 1747 933 1788 dummodo
954 1749 1033 1789 hoc
1056 1756 1232 1797 constet,
1254 1763 1389 1802 neque
1412 1751 1639 1792 infantiam
1661 1753 1762 1801 eius,
1785 1751 1856 1804 qui
1880 1767 1969 1793 rem

319 1813 445 1861 norit,
470 1814 543 1854 sed
566 1828 660 1854 eam
682 1813 895 1865 explicare
919 1816 1098 1857 dicendo
1122 1829 1207 1856 non
1230 1825 1369 1868 queat,
1394 1831 1530 1869 neque
1554 1804 1821 1860 inscientiam
1844 1820 1969 1869 illius,

321 1880 389 1920 cui
422 1895 488 1921 res
520 1894 606 1921 non
638 1890 847 1934 suppetat,
880 1884 1011 1924 verba
1044 1898 1128 1924 non
1162 1885 1312 1933 desint,
1347 1900 1437 1926 esse
1470 1886 1752 1935 laudandam5
1786 1901 1969 1939 quorum

318 2052 439 2088 potest
465 2046 649 2082 delectare
676 2048 842 2082 dicendo.
893 2048 1013 2084 Porro
1039 2049 1099 2091 qui
1127 2061 1201 2084 non
1230 2050 1348 2085 solum
1376 2051 1570 2093 sapienter,
1597 2064 1727 2087 verum
1755 2052 1865 2087 etiam
1894 2053 1968 2088 elo-

319 2110 474 2146 quenter
501 2104 581 2139 vult
610 2104 742 2146 dicere,
772 2104 947 2147 quoniam
975 2106 1149 2148 profecto
1179 2107 1261 2148 plus
1291 2107 1468 2149 proderit,
1499 2109 1527 2143 si
1557 2115 1754 2151 utrumque
1784 2109 1965 2151 potuerit;

319 2160 366 2195 ad
395 2160 570 2202 legendos
600 2162 657 2196 vel
687 2161 892 2198 audiendos
922 2170 956 2198 et
986 2164 1250 2198 exercitatione
1281 2164 1479 2199 imitandos
1509 2165 1721 2207 eloquentes
1751 2177 1833 2201 eum
1864 2167 1970 2202 mitto

313 2215 497 2258 libentius,
526 2228 636 2259 quam
663 2217 854 2260 magistris
881 2218 970 2254 artis
999 2219 1206 2254 rhetoricae
1233 2231 1366 2255 vacare
1394 2221 1601 2263 praecipio;
1643 2221 1672 2256 si
1701 2227 1824 2256 tamen
1853 2222 1878 2257 ii
1905 2222 1968 2264 qui

318 2273 492 2315 leguntur
516 2280 552 2308 et
575 2274 787 2316 audiuntur,
811 2286 885 2309 non
912 2276 1031 2310 solum
1057 2276 1281 2319 eloquenter,
1307 2278 1370 2311 sed
1396 2277 1506 2312 etiam
1533 2277 1718 2320 sapienter
1743 2278 1884 2314 dixisse
1908 2279 1967 2314 vel

314 2329 437 2365 dicere
460 2331 583 2365 veraci
605 2331 881 2373 praedicatione
905 2331 1114 2367 laudantur.
1163 2332 1238 2375 Qui
1262 2333 1358 2369 enim
1382 2334 1596 2376 eloquenter
1621 2335 1757 2376 dicunt,
1785 2335 1967 2376 suaviter:

319 2387 379 2429 qui
407 2386 603 2428 sapienter,
631 2388 827 2423 salubriter
852 2389 1064 2424 audiuntur.
1115 2389 1274 2431 Propter
1300 2391 1399 2432 quod
1426 2402 1500 2425 non
1527 2392 1578 2426 ait
1607 2391 1808 2433 Scriptura,
1837 2391 1967 2427 Multi-

317 2442 408 2479 tudo
442 2443 710 2485 eloquentium;
746 2445 818 2486 sed,
852 2446 1078 2481 “Multitudo
1111 2447 1330 2488 sapientium
1364 2448 1501 2483 sanitas
1534 2454 1588 2482 est
1620 2448 1720 2483 orbis
1752 2448 1968 2484 terrarum.’'

322 2498 425 2534 Sicut
452 2506 575 2534 autem
603 2512 710 2542 saepe
740 2501 918 2536 sumenda
948 2508 1032 2536 sunt
1061 2509 1096 2537 et
1121 2514 1248 2538 amara
1278 2503 1448 2544 salubria,
1478 2503 1529 2538 ita
1559 2515 1703 2546 semper
1731 2504 1883 2539 vitanda
1911 2510 1966 2540 est

318 2555 527 2598 perniciosa
551 2556 716 2592 dulcedo.
766 2557 840 2592 Sed
864 2558 1001 2593 salubri
1027 2559 1220 2601 suavitate,
1244 2560 1302 2594 vel
1329 2560 1433 2594 suavi
1458 2559 1673 2595 salubritate
1697 2560 1785 2602 quid
1808 2560 1964 2596 melius?

319 2612 471 2654 Quanto
496 2613 595 2648 enim
618 2614 736 2656 magis
764 2614 835 2649 illic
861 2615 1045 2657 appetitur
1073 2615 1246 2657 suavitas,
1272 2622 1376 2651 tanto
1405 2616 1551 2651 facilius
1580 2616 1776 2652 salubritas
1803 2617 1964 2659 prodest.

318 2667 413 2704 Sunt
432 2680 523 2711 ergo
541 2670 777 2705 ecclesiastici
798 2671 868 2706 viri
889 2672 951 2714 qui
972 2671 1098 2707 divina
1119 2672 1263 2715 eloquia
1283 2684 1357 2707 non
1373 2672 1491 2708 solum
1507 2673 1701 2714 sapienter,
1717 2673 1780 2708 sed
1795 2674 1968 2716 eloquen-

319 2732 375 2760 ter
412 2726 523 2760 etiam
558 2732 830 2762 tractaverunt:
869 2728 1000 2770 quibus
1038 2729 1204 2770 legendis
1239 2729 1358 2772 magis
1395 2741 1467 2764 non
1507 2729 1638 2764 sufficit
1674 2736 1817 2772 tempus
1854 2742 1965 2772 quarn

320 2781 448 2817 deesse
473 2783 541 2824 ipsi
567 2783 797 2818 studentibus
822 2790 856 2819 et
879 2785 1095 2820 vacantibus
1119 2792 1284 2827 possunt.

403 2847 473 2884 ³D.
497 2850 542 2884 D.
570 2850 607 2885 C.
635 2851 661 2890 Ι,
690 2862 724 2885 1:
780 2852 884 2887 Duae
911 2858 995 2886 sunt
1020 2864 1076 2887 res
1100 2852 1231 2895 quibus
1257 2853 1387 2887 nititur
1412 2853 1532 2888 omnis
1558 2854 1729 2889 tractatio
1758 2853 1964 2895 Scriptura-

317 2916 418 2939 rum:
461 2905 597 2941 modus
627 2907 837 2942 inveniendi
868 2919 961 2950 quae
993 2908 1233 2951 intelligenda
1266 2915 1361 2951 sunt,
1394 2915 1429 2944 et
1458 2908 1591 2944 modus
1622 2908 1841 2951 proferendi
1873 2920 1967 2951 quae

321 2961 505 2997 intellecta
534 2969 626 2998 sunt.
